<!DOCTYPE html>
<html lang="en">
<head>
    <meta charset="UTF-8">
    <title>Receitas Margão</title>
    <link rel="stylesheet" type="text/css" href="../css/styles.css">

    <link rel="shortcut icon" href="../favicon.ico" type="image/x-icon">
    <link rel="icon" href="../favicon.ico" type="image/x-icon">

    <!-- IMPORTS FROM CONTINENTE -->

    <script type="text/javascript" src="https://www.continente.pt//m.addthis.com/live/red_lojson/300lo.json?si=5bf6cdea96c1457e&amp;bkl=0&amp;bl=1&amp;pdt=3840&amp;sid=5bf6cdea96c1457e&amp;pub=&amp;rev=v8.3.32-wp&amp;ln=en&amp;pc=men&amp;cb=0&amp;ab=-&amp;dp=www.continente.pt&amp;fp=stores%2Fcontinente%2Fpt-pt%2Fpublic%2FPages%2FsearchResults.aspx%3Fk%3D2003212%3B2834249%3B2725521%3B4024172%3B5274122%3B2005767%3B2003219%3B2003220%3B2901269%3B2003221%3B4879598%3B2003223%3B2003222%3B4879600%3B2003337%3B4879604%3B2003335%3B2003337%3B2505418%3B5274688%3B4026566%3B5048067%3B2003341%3B2014597%3B5533488%3B2953437%3B4879588%3B&amp;fr=&amp;of=0&amp;pd=0&amp;irt=1&amp;vcl=1&amp;md=0&amp;ct=1&amp;tct=0&amp;abt=0&amp;cdn=0&amp;pi=1&amp;rb=0&amp;gen=100&amp;chr=UTF-8&amp;colc=1542901226538&amp;jsl=1&amp;uvs=5bf6cdea6b6617d6000&amp;skipb=1&amp;callback=addthis.cbs.oln9_0183598226089243250"></script><script type="text/javascript" src="https://bam.nr-data.net/1/6497243769?a=70604514&amp;v=1099.d27c17c&amp;to=ZV1XYRFSWhJVAkxcDFwXdGYzHEcVWxNdRkxRV1tBCl1RD0AEF2oAU0xUWQxUR05ZAEtBBkBIVFIGHEcVWxNdGhNHWllcAB1TBFoESlwAHFlGRRs%3D&amp;rst=3865&amp;ref=https://www.continente.pt/stores/continente/pt-pt/public/Pages/searchResults.aspx&amp;ap=793&amp;be=1447&amp;fe=3839&amp;dc=2077&amp;af=err,xhr,stn,ins&amp;perf=%7B%22timing%22:%7B%22of%22:1542901222475,%22n%22:0,%22f%22:113,%22dn%22:129,%22dne%22:129,%22c%22:129,%22s%22:129,%22ce%22:247,%22rq%22:247,%22rp%22:1169,%22rpe%22:1266,%22dl%22:1188,%22di%22:2077,%22ds%22:2077,%22de%22:2264,%22dc%22:3824,%22l%22:3824,%22le%22:3847%7D,%22navigation%22:%7B%7D%7D&amp;jsonp=NREUM.setToken"></script><meta name="robots" content="noindex, follow"><meta http-equiv="X-UA-Compatible" content="IE=Edge"><meta name="ApplicationContextId"><meta http-equiv="Content-Type" content="text/html; charset=utf-8"><script src="https://js-agent.newrelic.com/nr-1099.min.js"></script><script type="text/javascript" async="" src="https://www.google-analytics.com/gtm/js?id=GTM-TP2545M&amp;t=gtm4&amp;cid=1991047297.1539121318"></script><script src="https://script.crazyegg.com/pages/scripts/0038/7335.js?428583" async="" type="text/javascript"></script><script src="https://securepubads.g.doubleclick.net/gampad/ads?gdfp_req=1&amp;pvsid=2511221801188956&amp;correlator=2805705313946787&amp;output=json_html&amp;callback=googletag.impl.pubads.callbackProxy2&amp;impl=fif&amp;eid=21062725&amp;vrg=275&amp;guci=1.2.0.0.2.2.0.0&amp;plat=1%3A32776%2C2%3A32776&amp;sc=1&amp;sfv=1-0-31&amp;iu=%2F191813109%2FContinentesearchresults766x148Bottom&amp;sz=766x148&amp;eri=1&amp;cookie_enabled=1&amp;bc=15&amp;abxe=1&amp;lmt=1542901222&amp;dt=1542901224681&amp;dlt=1542901223663&amp;idt=485&amp;frm=20&amp;biw=1208&amp;bih=720&amp;oid=3&amp;adx=0&amp;ady=0&amp;adk=2138716269&amp;uci=2&amp;gut=v2&amp;ifi=2&amp;u_his=1&amp;u_h=900&amp;u_w=1440&amp;u_ah=830&amp;u_aw=1440&amp;u_cd=24&amp;u_nplug=3&amp;u_nmime=4&amp;u_sd=2&amp;flash=0&amp;url=https%3A%2F%2Fwww.continente.pt%2Fstores%2Fcontinente%2Fpt-pt%2Fpublic%2FPages%2FsearchResults.aspx%3Fk%3D2003212%3B2834249%3B2725521%3B4024172%3B5274122%3B2005767%3B2003219%3B2003220%3B2901269%3B2003221%3B4879598%3B2003223%3B2003222%3B4879600%3B2003337%3B4879604%3B2003335%3B2003337%3B2505418%3B5274688%3B4026566%3B5048067%3B2003341%3B2014597%3B5533488%3B2953437%3B4879588%3B2003399%3B5250097%3B2826908%3B2505411%3B2507850%3B2003415%3B3734143%3B2003457%3B2834264%3B2003461%3B2003472%3B2003464%3B2003469%3B5298346&amp;dssz=54&amp;icsg=2405178454015&amp;std=0&amp;vis=1&amp;dmc=8&amp;scr_x=0&amp;scr_y=0&amp;psz=795x0&amp;msz=0x-1&amp;ga_vid=1991047297.1539121318&amp;ga_sid=1542901225&amp;ga_hid=1504849637&amp;fws=128"></script><script src="https://securepubads.g.doubleclick.net/gampad/ads?gdfp_req=1&amp;pvsid=2511221801188956&amp;correlator=2805705313946787&amp;output=json_html&amp;callback=googletag.impl.pubads.callbackProxy1&amp;impl=fif&amp;eid=21062725&amp;vrg=275&amp;guci=1.2.0.0.2.2.0.0&amp;plat=1%3A32776%2C2%3A32776&amp;sc=1&amp;sfv=1-0-31&amp;iu=%2F191813109%2FContinentesearchresults174x348&amp;sz=174x348&amp;eri=1&amp;cookie_enabled=1&amp;bc=15&amp;abxe=1&amp;lmt=1542901222&amp;dt=1542901224662&amp;dlt=1542901223663&amp;idt=485&amp;frm=20&amp;biw=1208&amp;bih=720&amp;oid=3&amp;adx=0&amp;ady=0&amp;adk=1635923799&amp;uci=1&amp;gut=v2&amp;ifi=1&amp;u_his=1&amp;u_h=900&amp;u_w=1440&amp;u_ah=830&amp;u_aw=1440&amp;u_cd=24&amp;u_nplug=3&amp;u_nmime=4&amp;u_sd=2&amp;flash=0&amp;url=https%3A%2F%2Fwww.continente.pt%2Fstores%2Fcontinente%2Fpt-pt%2Fpublic%2FPages%2FsearchResults.aspx%3Fk%3D2003212%3B2834249%3B2725521%3B4024172%3B5274122%3B2005767%3B2003219%3B2003220%3B2901269%3B2003221%3B4879598%3B2003223%3B2003222%3B4879600%3B2003337%3B4879604%3B2003335%3B2003337%3B2505418%3B5274688%3B4026566%3B5048067%3B2003341%3B2014597%3B5533488%3B2953437%3B4879588%3B2003399%3B5250097%3B2826908%3B2505411%3B2507850%3B2003415%3B3734143%3B2003457%3B2834264%3B2003461%3B2003472%3B2003464%3B2003469%3B5298346&amp;dssz=53&amp;icsg=206155198463&amp;std=0&amp;vis=1&amp;dmc=8&amp;scr_x=0&amp;scr_y=0&amp;psz=186x0&amp;msz=0x-1&amp;ga_vid=1991047297.1539121318&amp;ga_sid=1542901225&amp;ga_hid=1504849637&amp;fws=128"></script><script async="" src="https://www.continente.pt//connect.facebook.net/en_US/fbevents.js"></script><script type="text/javascript" async="" src="https://www.google-analytics.com/analytics.js"></script><script type="text/javascript" async="" src="https://www.google-analytics.com/analytics.js"></script><script src="https://securepubads.g.doubleclick.net/gpt/pubads_impl_rendering_275.js"></script><script async="" src="https://www.continente.pt//www.googletagmanager.com/gtm.js?id=GTM-KSZMZ6"></script><script type="text/javascript" async="" src="https://www.googletagservices.com/tag/js/gpt.js"></script><script type="text/javascript">window.NREUM||(NREUM={});NREUM.info = {"beacon":"bam.nr-data.net","errorBeacon":"bam.nr-data.net","licenseKey":"6497243769","applicationID":"70604514","transactionName":"ZV1XYRFSWhJVAkxcDFwXdGYzHEcVWxNdRkxRV1tBCl1RD0AEF2oAU0xUWQxUR05ZAEtBBkBIVFIGHEcVWxNdGhNHWllcAB1TBFoESlwAHFlGRRs=","queueTime":0,"applicationTime":793,"agent":"","atts":""}</script><script type="text/javascript">(window.NREUM||(NREUM={})).loader_config={xpid:"VQADVl9UARAHVFdSAwQGUg=="};window.NREUM||(NREUM={}),__nr_require=function(t,n,e){function r(e){if(!n[e]){var o=n[e]={exports:{}};t[e][0].call(o.exports,function(n){var o=t[e][1][n];return r(o||n)},o,o.exports)}return n[e].exports}if("function"==typeof __nr_require)return __nr_require;for(var o=0;o<e.length;o++)r(e[o]);return r}({1:[function(t,n,e){function r(t){try{s.console&&console.log(t)}catch(n){}}var o,i=t("ee"),a=t(16),s={};try{o=localStorage.getItem("__nr_flags").split(","),console&&"function"==typeof console.log&&(s.console=!0,o.indexOf("dev")!==-1&&(s.dev=!0),o.indexOf("nr_dev")!==-1&&(s.nrDev=!0))}catch(c){}s.nrDev&&i.on("internal-error",function(t){r(t.stack)}),s.dev&&i.on("fn-err",function(t,n,e){r(e.stack)}),s.dev&&(r("NR AGENT IN DEVELOPMENT MODE"),r("flags: "+a(s,function(t,n){return t}).join(", ")))},{}],2:[function(t,n,e){function r(t,n,e,r,s){try{p?p-=1:o(s||new UncaughtException(t,n,e),!0)}catch(f){try{i("ierr",[f,c.now(),!0])}catch(d){}}return"function"==typeof u&&u.apply(this,a(arguments))}function UncaughtException(t,n,e){this.message=t||"Uncaught error with no additional information",this.sourceURL=n,this.line=e}function o(t,n){var e=n?null:c.now();i("err",[t,e])}var i=t("handle"),a=t(17),s=t("ee"),c=t("loader"),f=t("gos"),u=window.onerror,d=!1,l="nr@seenError",p=0;c.features.err=!0,t(1),window.onerror=r;try{throw new Error}catch(h){"stack"in h&&(t(8),t(7),"addEventListener"in window&&t(5),c.xhrWrappable&&t(9),d=!0)}s.on("fn-start",function(t,n,e){d&&(p+=1)}),s.on("fn-err",function(t,n,e){d&&!e[l]&&(f(e,l,function(){return!0}),this.thrown=!0,o(e))}),s.on("fn-end",function(){d&&!this.thrown&&p>0&&(p-=1)}),s.on("internal-error",function(t){i("ierr",[t,c.now(),!0])})},{}],3:[function(t,n,e){t("loader").features.ins=!0},{}],4:[function(t,n,e){function r(t){}if(window.performance&&window.performance.timing&&window.performance.getEntriesByType){var o=t("ee"),i=t("handle"),a=t(8),s=t(7),c="learResourceTimings",f="addEventListener",u="resourcetimingbufferfull",d="bstResource",l="resource",p="-start",h="-end",m="fn"+p,v="fn"+h,w="bstTimer",y="pushState",g=t("loader");g.features.stn=!0,t(6);var b=NREUM.o.EV;o.on(m,function(t,n){var e=t[0];e instanceof b&&(this.bstStart=g.now())}),o.on(v,function(t,n){var e=t[0];e instanceof b&&i("bst",[e,n,this.bstStart,g.now()])}),a.on(m,function(t,n,e){this.bstStart=g.now(),this.bstType=e}),a.on(v,function(t,n){i(w,[n,this.bstStart,g.now(),this.bstType])}),s.on(m,function(){this.bstStart=g.now()}),s.on(v,function(t,n){i(w,[n,this.bstStart,g.now(),"requestAnimationFrame"])}),o.on(y+p,function(t){this.time=g.now(),this.startPath=location.pathname+location.hash}),o.on(y+h,function(t){i("bstHist",[location.pathname+location.hash,this.startPath,this.time])}),f in window.performance&&(window.performance["c"+c]?window.performance[f](u,function(t){i(d,[window.performance.getEntriesByType(l)]),window.performance["c"+c]()},!1):window.performance[f]("webkit"+u,function(t){i(d,[window.performance.getEntriesByType(l)]),window.performance["webkitC"+c]()},!1)),document[f]("scroll",r,{passive:!0}),document[f]("keypress",r,!1),document[f]("click",r,!1)}},{}],5:[function(t,n,e){function r(t){for(var n=t;n&&!n.hasOwnProperty(u);)n=Object.getPrototypeOf(n);n&&o(n)}function o(t){s.inPlace(t,[u,d],"-",i)}function i(t,n){return t[1]}var a=t("ee").get("events"),s=t(19)(a,!0),c=t("gos"),f=XMLHttpRequest,u="addEventListener",d="removeEventListener";n.exports=a,"getPrototypeOf"in Object?(r(document),r(window),r(f.prototype)):f.prototype.hasOwnProperty(u)&&(o(window),o(f.prototype)),a.on(u+"-start",function(t,n){var e=t[1],r=c(e,"nr@wrapped",function(){function t(){if("function"==typeof e.handleEvent)return e.handleEvent.apply(e,arguments)}var n={object:t,"function":e}[typeof e];return n?s(n,"fn-",null,n.name||"anonymous"):e});this.wrapped=t[1]=r}),a.on(d+"-start",function(t){t[1]=this.wrapped||t[1]})},{}],6:[function(t,n,e){var r=t("ee").get("history"),o=t(19)(r);n.exports=r,o.inPlace(window.history,["pushState","replaceState"],"-")},{}],7:[function(t,n,e){var r=t("ee").get("raf"),o=t(19)(r),i="equestAnimationFrame";n.exports=r,o.inPlace(window,["r"+i,"mozR"+i,"webkitR"+i,"msR"+i],"raf-"),r.on("raf-start",function(t){t[0]=o(t[0],"fn-")})},{}],8:[function(t,n,e){function r(t,n,e){t[0]=a(t[0],"fn-",null,e)}function o(t,n,e){this.method=e,this.timerDuration=isNaN(t[1])?0:+t[1],t[0]=a(t[0],"fn-",this,e)}var i=t("ee").get("timer"),a=t(19)(i),s="setTimeout",c="setInterval",f="clearTimeout",u="-start",d="-";n.exports=i,a.inPlace(window,[s,"setImmediate"],s+d),a.inPlace(window,[c],c+d),a.inPlace(window,[f,"clearImmediate"],f+d),i.on(c+u,r),i.on(s+u,o)},{}],9:[function(t,n,e){function r(t,n){d.inPlace(n,["onreadystatechange"],"fn-",s)}function o(){var t=this,n=u.context(t);t.readyState>3&&!n.resolved&&(n.resolved=!0,u.emit("xhr-resolved",[],t)),d.inPlace(t,y,"fn-",s)}function i(t){g.push(t),h&&(x?x.then(a):v?v(a):(E=-E,O.data=E))}function a(){for(var t=0;t<g.length;t++)r([],g[t]);g.length&&(g=[])}function s(t,n){return n}function c(t,n){for(var e in t)n[e]=t[e];return n}t(5);var f=t("ee"),u=f.get("xhr"),d=t(19)(u),l=NREUM.o,p=l.XHR,h=l.MO,m=l.PR,v=l.SI,w="readystatechange",y=["onload","onerror","onabort","onloadstart","onloadend","onprogress","ontimeout"],g=[];n.exports=u;var b=window.XMLHttpRequest=function(t){var n=new p(t);try{u.emit("new-xhr",[n],n),n.addEventListener(w,o,!1)}catch(e){try{u.emit("internal-error",[e])}catch(r){}}return n};if(c(p,b),b.prototype=p.prototype,d.inPlace(b.prototype,["open","send"],"-xhr-",s),u.on("send-xhr-start",function(t,n){r(t,n),i(n)}),u.on("open-xhr-start",r),h){var x=m&&m.resolve();if(!v&&!m){var E=1,O=document.createTextNode(E);new h(a).observe(O,{characterData:!0})}}else f.on("fn-end",function(t){t[0]&&t[0].type===w||a()})},{}],10:[function(t,n,e){function r(t){var n=this.params,e=this.metrics;if(!this.ended){this.ended=!0;for(var r=0;r<d;r++)t.removeEventListener(u[r],this.listener,!1);if(!n.aborted){if(e.duration=a.now()-this.startTime,4===t.readyState){n.status=t.status;var i=o(t,this.lastSize);if(i&&(e.rxSize=i),this.sameOrigin){var c=t.getResponseHeader("X-NewRelic-App-Data");c&&(n.cat=c.split(", ").pop())}}else n.status=0;e.cbTime=this.cbTime,f.emit("xhr-done",[t],t),s("xhr",[n,e,this.startTime])}}}function o(t,n){var e=t.responseType;if("json"===e&&null!==n)return n;var r="arraybuffer"===e||"blob"===e||"json"===e?t.response:t.responseText;return h(r)}function i(t,n){var e=c(n),r=t.params;r.host=e.hostname+":"+e.port,r.pathname=e.pathname,t.sameOrigin=e.sameOrigin}var a=t("loader");if(a.xhrWrappable){var s=t("handle"),c=t(11),f=t("ee"),u=["load","error","abort","timeout"],d=u.length,l=t("id"),p=t(14),h=t(13),m=window.XMLHttpRequest;a.features.xhr=!0,t(9),f.on("new-xhr",function(t){var n=this;n.totalCbs=0,n.called=0,n.cbTime=0,n.end=r,n.ended=!1,n.xhrGuids={},n.lastSize=null,p&&(p>34||p<10)||window.opera||t.addEventListener("progress",function(t){n.lastSize=t.loaded},!1)}),f.on("open-xhr-start",function(t){this.params={method:t[0]},i(this,t[1]),this.metrics={}}),f.on("open-xhr-end",function(t,n){"loader_config"in NREUM&&"xpid"in NREUM.loader_config&&this.sameOrigin&&n.setRequestHeader("X-NewRelic-ID",NREUM.loader_config.xpid)}),f.on("send-xhr-start",function(t,n){var e=this.metrics,r=t[0],o=this;if(e&&r){var i=h(r);i&&(e.txSize=i)}this.startTime=a.now(),this.listener=function(t){try{"abort"===t.type&&(o.params.aborted=!0),("load"!==t.type||o.called===o.totalCbs&&(o.onloadCalled||"function"!=typeof n.onload))&&o.end(n)}catch(e){try{f.emit("internal-error",[e])}catch(r){}}};for(var s=0;s<d;s++)n.addEventListener(u[s],this.listener,!1)}),f.on("xhr-cb-time",function(t,n,e){this.cbTime+=t,n?this.onloadCalled=!0:this.called+=1,this.called!==this.totalCbs||!this.onloadCalled&&"function"==typeof e.onload||this.end(e)}),f.on("xhr-load-added",function(t,n){var e=""+l(t)+!!n;this.xhrGuids&&!this.xhrGuids[e]&&(this.xhrGuids[e]=!0,this.totalCbs+=1)}),f.on("xhr-load-removed",function(t,n){var e=""+l(t)+!!n;this.xhrGuids&&this.xhrGuids[e]&&(delete this.xhrGuids[e],this.totalCbs-=1)}),f.on("addEventListener-end",function(t,n){n instanceof m&&"load"===t[0]&&f.emit("xhr-load-added",[t[1],t[2]],n)}),f.on("removeEventListener-end",function(t,n){n instanceof m&&"load"===t[0]&&f.emit("xhr-load-removed",[t[1],t[2]],n)}),f.on("fn-start",function(t,n,e){n instanceof m&&("onload"===e&&(this.onload=!0),("load"===(t[0]&&t[0].type)||this.onload)&&(this.xhrCbStart=a.now()))}),f.on("fn-end",function(t,n){this.xhrCbStart&&f.emit("xhr-cb-time",[a.now()-this.xhrCbStart,this.onload,n],n)})}},{}],11:[function(t,n,e){n.exports=function(t){var n=document.createElement("a"),e=window.location,r={};n.href=t,r.port=n.port;var o=n.href.split("://");!r.port&&o[1]&&(r.port=o[1].split("/")[0].split("@").pop().split(":")[1]),r.port&&"0"!==r.port||(r.port="https"===o[0]?"443":"80"),r.hostname=n.hostname||e.hostname,r.pathname=n.pathname,r.protocol=o[0],"/"!==r.pathname.charAt(0)&&(r.pathname="/"+r.pathname);var i=!n.protocol||":"===n.protocol||n.protocol===e.protocol,a=n.hostname===document.domain&&n.port===e.port;return r.sameOrigin=i&&(!n.hostname||a),r}},{}],12:[function(t,n,e){function r(){}function o(t,n,e){return function(){return i(t,[f.now()].concat(s(arguments)),n?null:this,e),n?void 0:this}}var i=t("handle"),a=t(16),s=t(17),c=t("ee").get("tracer"),f=t("loader"),u=NREUM;"undefined"==typeof window.newrelic&&(newrelic=u);var d=["setPageViewName","setCustomAttribute","setErrorHandler","finished","addToTrace","inlineHit","addRelease"],l="api-",p=l+"ixn-";a(d,function(t,n){u[n]=o(l+n,!0,"api")}),u.addPageAction=o(l+"addPageAction",!0),u.setCurrentRouteName=o(l+"routeName",!0),n.exports=newrelic,u.interaction=function(){return(new r).get()};var h=r.prototype={createTracer:function(t,n){var e={},r=this,o="function"==typeof n;return i(p+"tracer",[f.now(),t,e],r),function(){if(c.emit((o?"":"no-")+"fn-start",[f.now(),r,o],e),o)try{return n.apply(this,arguments)}catch(t){throw c.emit("fn-err",[arguments,this,t],e),t}finally{c.emit("fn-end",[f.now()],e)}}}};a("actionText,setName,setAttribute,save,ignore,onEnd,getContext,end,get".split(","),function(t,n){h[n]=o(p+n)}),newrelic.noticeError=function(t){"string"==typeof t&&(t=new Error(t)),i("err",[t,f.now()])}},{}],13:[function(t,n,e){n.exports=function(t){if("string"==typeof t&&t.length)return t.length;if("object"==typeof t){if("undefined"!=typeof ArrayBuffer&&t instanceof ArrayBuffer&&t.byteLength)return t.byteLength;if("undefined"!=typeof Blob&&t instanceof Blob&&t.size)return t.size;if(!("undefined"!=typeof FormData&&t instanceof FormData))try{return JSON.stringify(t).length}catch(n){return}}}},{}],14:[function(t,n,e){var r=0,o=navigator.userAgent.match(/Firefox[\/\s](\d+\.\d+)/);o&&(r=+o[1]),n.exports=r},{}],15:[function(t,n,e){function r(t,n){if(!o)return!1;if(t!==o)return!1;if(!n)return!0;if(!i)return!1;for(var e=i.split("."),r=n.split("."),a=0;a<r.length;a++)if(r[a]!==e[a])return!1;return!0}var o=null,i=null,a=/Version\/(\S+)\s+Safari/;if(navigator.userAgent){var s=navigator.userAgent,c=s.match(a);c&&s.indexOf("Chrome")===-1&&s.indexOf("Chromium")===-1&&(o="Safari",i=c[1])}n.exports={agent:o,version:i,match:r}},{}],16:[function(t,n,e){function r(t,n){var e=[],r="",i=0;for(r in t)o.call(t,r)&&(e[i]=n(r,t[r]),i+=1);return e}var o=Object.prototype.hasOwnProperty;n.exports=r},{}],17:[function(t,n,e){function r(t,n,e){n||(n=0),"undefined"==typeof e&&(e=t?t.length:0);for(var r=-1,o=e-n||0,i=Array(o<0?0:o);++r<o;)i[r]=t[n+r];return i}n.exports=r},{}],18:[function(t,n,e){n.exports={exists:"undefined"!=typeof window.performance&&window.performance.timing&&"undefined"!=typeof window.performance.timing.navigationStart}},{}],19:[function(t,n,e){function r(t){return!(t&&t instanceof Function&&t.apply&&!t[a])}var o=t("ee"),i=t(17),a="nr@original",s=Object.prototype.hasOwnProperty,c=!1;n.exports=function(t,n){function e(t,n,e,o){function nrWrapper(){var r,a,s,c;try{a=this,r=i(arguments),s="function"==typeof e?e(r,a):e||{}}catch(f){l([f,"",[r,a,o],s])}u(n+"start",[r,a,o],s);try{return c=t.apply(a,r)}catch(d){throw u(n+"err",[r,a,d],s),d}finally{u(n+"end",[r,a,c],s)}}return r(t)?t:(n||(n=""),nrWrapper[a]=t,d(t,nrWrapper),nrWrapper)}function f(t,n,o,i){o||(o="");var a,s,c,f="-"===o.charAt(0);for(c=0;c<n.length;c++)s=n[c],a=t[s],r(a)||(t[s]=e(a,f?s+o:o,i,s))}function u(e,r,o){if(!c||n){var i=c;c=!0;try{t.emit(e,r,o,n)}catch(a){l([a,e,r,o])}c=i}}function d(t,n){if(Object.defineProperty&&Object.keys)try{var e=Object.keys(t);return e.forEach(function(e){Object.defineProperty(n,e,{get:function(){return t[e]},set:function(n){return t[e]=n,n}})}),n}catch(r){l([r])}for(var o in t)s.call(t,o)&&(n[o]=t[o]);return n}function l(n){try{t.emit("internal-error",n)}catch(e){}}return t||(t=o),e.inPlace=f,e.flag=a,e}},{}],ee:[function(t,n,e){function r(){}function o(t){function n(t){return t&&t instanceof r?t:t?c(t,s,i):i()}function e(e,r,o,i){if(!l.aborted||i){t&&t(e,r,o);for(var a=n(o),s=m(e),c=s.length,f=0;f<c;f++)s[f].apply(a,r);var d=u[g[e]];return d&&d.push([b,e,r,a]),a}}function p(t,n){y[t]=m(t).concat(n)}function h(t,n){var e=y[t];if(e)for(var r=0;r<e.length;r++)e[r]===n&&e.splice(r,1)}function m(t){return y[t]||[]}function v(t){return d[t]=d[t]||o(e)}function w(t,n){f(t,function(t,e){n=n||"feature",g[e]=n,n in u||(u[n]=[])})}var y={},g={},b={on:p,addEventListener:p,removeEventListener:h,emit:e,get:v,listeners:m,context:n,buffer:w,abort:a,aborted:!1};return b}function i(){return new r}function a(){(u.api||u.feature)&&(l.aborted=!0,u=l.backlog={})}var s="nr@context",c=t("gos"),f=t(16),u={},d={},l=n.exports=o();l.backlog=u},{}],gos:[function(t,n,e){function r(t,n,e){if(o.call(t,n))return t[n];var r=e();if(Object.defineProperty&&Object.keys)try{return Object.defineProperty(t,n,{value:r,writable:!0,enumerable:!1}),r}catch(i){}return t[n]=r,r}var o=Object.prototype.hasOwnProperty;n.exports=r},{}],handle:[function(t,n,e){function r(t,n,e,r){o.buffer([t],r),o.emit(t,n,e)}var o=t("ee").get("handle");n.exports=r,r.ee=o},{}],id:[function(t,n,e){function r(t){var n=typeof t;return!t||"object"!==n&&"function"!==n?-1:t===window?0:a(t,i,function(){return o++})}var o=1,i="nr@id",a=t("gos");n.exports=r},{}],loader:[function(t,n,e){function r(){if(!E++){var t=x.info=NREUM.info,n=p.getElementsByTagName("script")[0];if(setTimeout(u.abort,3e4),!(t&&t.licenseKey&&t.applicationID&&n))return u.abort();f(g,function(n,e){t[n]||(t[n]=e)}),c("mark",["onload",a()+x.offset],null,"api");var e=p.createElement("script");e.src="https://"+t.agent,n.parentNode.insertBefore(e,n)}}function o(){"complete"===p.readyState&&i()}function i(){c("mark",["domContent",a()+x.offset],null,"api")}function a(){return O.exists&&performance.now?Math.round(performance.now()):(s=Math.max((new Date).getTime(),s))-x.offset}var s=(new Date).getTime(),c=t("handle"),f=t(16),u=t("ee"),d=t(15),l=window,p=l.document,h="addEventListener",m="attachEvent",v=l.XMLHttpRequest,w=v&&v.prototype;NREUM.o={ST:setTimeout,SI:l.setImmediate,CT:clearTimeout,XHR:v,REQ:l.Request,EV:l.Event,PR:l.Promise,MO:l.MutationObserver};var y=""+location,g={beacon:"bam.nr-data.net",errorBeacon:"bam.nr-data.net",agent:"js-agent.newrelic.com/nr-1099.min.js"},b=v&&w&&w[h]&&!/CriOS/.test(navigator.userAgent),x=n.exports={offset:s,now:a,origin:y,features:{},xhrWrappable:b,userAgent:d};t(12),p[h]?(p[h]("DOMContentLoaded",i,!1),l[h]("load",r,!1)):(p[m]("onreadystatechange",o),l[m]("onload",r)),c("mark",["firstbyte",s],null,"api");var E=0,O=t(18)},{}]},{},["loader",2,10,4,3]);</script><meta http-equiv="Expires" content="0"><meta name="description" content="Continente Online - MegaStore HomePage"><meta name="format-detection" content="telephone=no"><link rel="shortcut icon" type="image/x-icon" href="/Style%20Library/Themes/framework/Images/favicon.ico"><title>
        Resultados de pesquisa - Continente Online
    </title><link href="https://www.continente.pt/stores/continente/Style Library/Themes/Framework/css/main.css?v=20181122" rel="stylesheet" type="text/css">

        <script src="https://www.continente.pt/Style Library/Themes/Framework/scripts/jquery-1.7.2.min.js?v=20181122" type="text/javascript"></script>
        <script src="https://www.continente.pt/Style Library/Themes/Framework/scripts/jquery.autocomplete.min.js?v=20181122" type="text/javascript"></script>
        <script src="https://www.continente.pt/Style Library/Themes/Framework/scripts/ecsfMain.min.js?v=20181122" type="text/javascript"></script>
        <script src="https://www.continente.pt/Style Library/Themes/Framework/scripts/col.global.min.js?v=20181122" type="text/javascript"></script>
        <script src="https://www.continente.pt/Style Library/Themes/Framework/scripts/col.shopping.min.js?v=20181122" type="text/javascript"></script>
        <script src="https://www.continente.pt/Style Library/Themes/Framework/scripts/customMain.min.js?v=20181122" type="text/javascript"></script>
        <script src="https://www.continente.pt/stores/continente/Style Library/Themes/Framework/scripts/mvc.catalog.min.js?v=20181122" type="text/javascript"></script>


        <!--[if lt IE 9]>
        <link href="/Style%20Library/Themes/framework/css/lt_ie9.css" rel="stylesheet" type="text/css" />
        <![endif]-->
        <!--[if IE 7]>
        <link href="/Style%20Library/Themes/framework/css/ie7.css" rel="stylesheet" type="text/css" />
        <![endif]-->
        <!--[if !IE]><!-->
        <link href="/Style%20Library/Themes/framework/css/iPad.css" rel="stylesheet" type="text/css" media="only screen and (min-device-width: 768px) and (max-device-width: 1024px)">
        <!--<![endif]-->




        <!-- Additional Head Content -->

        <meta name="p:domain_verify" content="cf013e6f0754a30a59887acef68c8267">
        <!-- Loaded: 22-11-2018 15:40:12 --><meta property="fb:pages" content="259211337438">
        <!-- Loaded: 22-11-2018 15:39:37 --><script type="text/javascript" src="https://static.publico.pt/testes/continente/continente.js"></script><!-- Loaded: 22-11-2018 15:40:12 -->

        <!-- Additional Head Content - END -->

        <script type="text/javascript">
            // <![CDATA[
            document.write('<script type="text/javascript" src="https://www.continente.pt/_layouts/1033/init.js?rev=lEi61hsCxcBAfvfQNZA%2FsQ%3D%3D"></' + 'script>');
            document.write('<script type="text/javascript" src="https://www.continente.pt/ScriptResource.axd?d=6H_2JPyjitGXcBfv1DuWf5kjkAiXMdBfnJ0HFajcyjZWptsZkHVihp4R_XjeLBVSlFrztvJZOBBEUuYgX-CxcfEYhPl9HItO5IIgqUjPBBeC65nDIqEynYy-XbFCB9HJnUqCuWuHCVMsOq34dOCof91fJFI1&amp;t=2e2045e2"></' + 'script>');
            document.write('<script type="text/javascript" src="https://www.continente.pt/_layouts/blank.js?rev=QGOYAJlouiWgFRlhHVlMKA%3D%3D"></' + 'script>');
            document.write('<script type="text/javascript" src="https://www.continente.pt/ScriptResource.axd?d=KUIXqL0lPz-A7Q6C-CSQ14VuSAm2sFAHH7_eaJhqXTDgGQkmKEQBv9NjvnfzyK0mU261mQ4q_lYOON6cROcu_hFjWNTHTm-uTW0OzSUNLfdQkrkTrwJHWXB9z2RLxzyH81djViUlrko3F66ibuH-CWT8xvG8MgQ37em9BXXCpdHZd4G_0&amp;t=2e2045e2"></' + 'script>');
            // ]]>
        </script><script type="text/javascript" src="https://www.continente.pt/_layouts/1033/init.js?rev=lEi61hsCxcBAfvfQNZA%2FsQ%3D%3D"></script><link rel="preload" href="https://adservice.google.pt/adsid/integrator.js?domain=www.continente.pt" as="script"><script type="text/javascript" src="https://adservice.google.pt/adsid/integrator.js?domain=www.continente.pt"></script><link rel="preload" href="https://adservice.google.com/adsid/integrator.js?domain=www.continente.pt" as="script"><script type="text/javascript" src="https://adservice.google.com/adsid/integrator.js?domain=www.continente.pt"></script><script src="https://securepubads.g.doubleclick.net/gpt/pubads_impl_275.js" async=""></script><script type="text/javascript" src="https://www.continente.pt/ScriptResource.axd?d=6H_2JPyjitGXcBfv1DuWf5kjkAiXMdBfnJ0HFajcyjZWptsZkHVihp4R_XjeLBVSlFrztvJZOBBEUuYgX-CxcfEYhPl9HItO5IIgqUjPBBeC65nDIqEynYy-XbFCB9HJnUqCuWuHCVMsOq34dOCof91fJFI1&amp;t=2e2045e2"></script><script type="text/javascript" src="https://www.continente.pt/_layouts/blank.js?rev=QGOYAJlouiWgFRlhHVlMKA%3D%3D"></script><script type="text/javascript" src="https://www.continente.pt/ScriptResource.axd?d=KUIXqL0lPz-A7Q6C-CSQ14VuSAm2sFAHH7_eaJhqXTDgGQkmKEQBv9NjvnfzyK0mU261mQ4q_lYOON6cROcu_hFjWNTHTm-uTW0OzSUNLfdQkrkTrwJHWXB9z2RLxzyH81djViUlrko3F66ibuH-CWT8xvG8MgQ37em9BXXCpdHZd4G_0&amp;t=2e2045e2"></script>
        <link href="https://www.continente.pt/Style Library/Themes/Framework/css/search.css?v=20181122" rel="stylesheet" type="text/css">
        <script async="" src="https://www.continente.pt/stores/continente/Style Library/Themes/Framework/scripts/custom.js"></script><style type="text/css">
            .ctl00_PlaceHolderMain_g_C5B5D9F14B724038ADCB71031C35B2D8_0 { border-color:Black;border-width:1px;border-style:Solid; }
            .ctl00_PlaceHolderMain_g_16F8F1AE1AD642DB8A414C24A7568606_0 { border-color:Black;border-width:1px;border-style:Solid; }
            .ctl00_PlaceHolderMain_g_1D01467B59E04F7284D524CE3D977EE1_0 { border-color:Black;border-width:1px;border-style:Solid; }
            .ctl00_PlaceHolderMain_g_879955416E294F309FF6E9455BDE7DC0_0 { border-color:Black;border-width:1px;border-style:Solid; }
            .ctl00_wpz_0 { border-color:Black;border-width:1px;border-style:Solid; }

        </style><link href="https://www.continente.pt/stores/continente/Style Library/Themes/Framework/css/custom.css" type="text/css" rel="stylesheet">
        <link rel="prefetch" href="https://tpc.googlesyndication.com/safeframe/1-0-31/html/container.html"><style type="text/css">.productBox .productActionButtonsArea .reserveButtonContainer { display: none; } .productBox.SchoolBook .productActionButtonsArea .actionButtonArea { display: none; } .productBox.SchoolBook .productActionButtonsArea .reserveButtonContainer.actionButtonArea { display: block; } .productBox.SchoolBook .productActionButtonsArea { float:none; } .productBox.SchoolBook .productActionButtonsArea .reserveButton {display:inline-block;border:1px solid #dd1920;padding-top:2px;padding-bottom:2px;padding-left:8px;padding-right:8px;-webkit-border-radius: 3px;-moz-border-radius: 3px;border-radius: 3px;text-align:center;margin-left: 22px;cursor:pointer;position:relative;background-color:white;font-size:0.80em;color:#dd1920;background-color: #FFFFFF;background: -webkit-gradient(linear, 0 0, 0 bottom, from(#FFFFFF), to(#F0F0F0));background: -webkit-linear-gradient(#FFFFFF, #F0F0F0);background: -moz-linear-gradient(#FFFFFF, #F0F0F0);background: -ms-linear-gradient(#FFFFFF, #F0F0F0);background: -o-linear-gradient(#FFFFFF, #F0F0F0);background: linear-gradient(#FFFFFF, #F0F0F0);-pie-background: linear-gradient(#FFFFFF, #F0F0F0);-webkit-box-shadow: 0 3px 3px -3px black;-moz-box-shadow: 0 3px 3px -3px black;box-shadow: 0 3px 3px -3px black;behavior: url(/_layouts/pie/PIE.htc);}</style><script type="text/javascript" src="chrome-extension://aadgmnobpdmgmigaicncghmmoeflnamj/ng-inspector.js"></script><style type="text/css">.at-icon{fill:#fff;border:0}.at-icon-wrapper{display:inline-block;overflow:hidden}a .at-icon-wrapper{cursor:pointer}.at-rounded,.at-rounded-element .at-icon-wrapper{border-radius:12%}.at-circular,.at-circular-element .at-icon-wrapper{border-radius:50%}.addthis_32x32_style .at-icon{width:2pc;height:2pc}.addthis_24x24_style .at-icon{width:24px;height:24px}.addthis_20x20_style .at-icon{width:20px;height:20px}.addthis_16x16_style .at-icon{width:1pc;height:1pc}#at16lb{display:none;position:absolute;top:0;left:0;width:100%;height:100%;z-index:1001;background-color:#000;opacity:.001}#at_complete,#at_error,#at_share,#at_success{position:static!important}.at15dn{display:none}#at15s,#at16p,#at16p form input,#at16p label,#at16p textarea,#at_share .at_item{font-family:arial,helvetica,tahoma,verdana,sans-serif!important;font-size:9pt!important;outline-style:none;outline-width:0;line-height:1em}* html #at15s.mmborder{position:absolute!important}#at15s.mmborder{position:fixed!important;width:250px!important}#at15s{background:url(data:image/png;base64,iVBORw0KGgoAAAANSUhEUgAAAAoAAAAKCAYAAACNMs+9AAAAGXRFWHRTb2Z0d2FyZQBBZG9iZSBJbWFnZVJlYWR5ccllPAAAABtJREFUeNpiZGBgaGAgAjAxEAlGFVJHIUCAAQDcngCUgqGMqwAAAABJRU5ErkJggg==);float:none;line-height:1em;margin:0;overflow:visible;padding:5px;text-align:left;position:absolute}#at15s a,#at15s span{outline:0;direction:ltr;text-transform:none}#at15s .at-label{margin-left:5px}#at15s .at-icon-wrapper{width:1pc;height:1pc;vertical-align:middle}#at15s .at-icon{width:1pc;height:1pc}.at4-icon{display:inline-block;background-repeat:no-repeat;background-position:top left;margin:0;overflow:hidden;cursor:pointer}.addthis_16x16_style .at4-icon,.addthis_default_style .at4-icon,.at4-icon,.at-16x16{width:1pc;height:1pc;line-height:1pc;background-size:1pc!important}.addthis_32x32_style .at4-icon,.at-32x32{width:2pc;height:2pc;line-height:2pc;background-size:2pc!important}.addthis_24x24_style .at4-icon,.at-24x24{width:24px;height:24px;line-height:24px;background-size:24px!important}.addthis_20x20_style .at4-icon,.at-20x20{width:20px;height:20px;line-height:20px;background-size:20px!important}.at4-icon.circular,.circular .at4-icon,.circular.aticon{border-radius:50%}.at4-icon.rounded,.rounded .at4-icon{border-radius:4px}.at4-icon-left{float:left}#at15s .at4-icon{text-indent:20px;padding:0;overflow:visible;white-space:nowrap;background-size:1pc;width:1pc;height:1pc;background-position:top left;display:inline-block;line-height:1pc}.addthis_vertical_style .at4-icon,.at4-follow-container .at4-icon{margin-right:5px}html>body #at15s{width:250px!important}#at15s.atm{background:none!important;padding:0!important;width:10pc!important}#at15s_inner{background:#fff;border:1px solid #fff;margin:0}#at15s_head{position:relative;background:#f2f2f2;padding:4px;cursor:default;border-bottom:1px solid #e5e5e5}.at15s_head_success{background:#cafd99!important;border-bottom:1px solid #a9d582!important}.at15s_head_success a,.at15s_head_success span{color:#000!important;text-decoration:none}#at15s_brand,#at15sptx,#at16_brand{position:absolute}#at15s_brand{top:4px;right:4px}.at15s_brandx{right:20px!important}a#at15sptx{top:4px;right:4px;text-decoration:none;color:#4c4c4c;font-weight:700}#at15sptx:hover{text-decoration:underline}#at16_brand{top:5px;right:30px;cursor:default}#at_hover{padding:4px}#at_hover .at_item,#at_share .at_item{background:#fff!important;float:left!important;color:#4c4c4c!important}#at_share .at_item .at-icon-wrapper{margin-right:5px}#at_hover .at_bold{font-weight:700;color:#000!important}#at_hover .at_item{width:7pc!important;padding:2px 3px!important;margin:1px;text-decoration:none!important}#at_hover .at_item.athov,#at_hover .at_item:focus,#at_hover .at_item:hover{margin:0!important}#at_hover .at_item.athov,#at_hover .at_item:focus,#at_hover .at_item:hover,#at_share .at_item.athov,#at_share .at_item:hover{background:#f2f2f2!important;border:1px solid #e5e5e5;color:#000!important;text-decoration:none}.ipad #at_hover .at_item:focus{background:#fff!important;border:1px solid #fff}.at15t{display:block!important;height:1pc!important;line-height:1pc!important;padding-left:20px!important;background-position:0 0;text-align:left}.addthis_button,.at15t{cursor:pointer}.addthis_toolbox a.at300b,.addthis_toolbox a.at300m{width:auto}.addthis_toolbox a{margin-bottom:5px;line-height:initial}.addthis_toolbox.addthis_vertical_style{width:200px}.addthis_button_facebook_like .fb_iframe_widget{line-height:100%}.addthis_button_facebook_like iframe.fb_iframe_widget_lift{max-width:none}.addthis_toolbox a.addthis_button_counter,.addthis_toolbox a.addthis_button_facebook_like,.addthis_toolbox a.addthis_button_facebook_send,.addthis_toolbox a.addthis_button_facebook_share,.addthis_toolbox a.addthis_button_foursquare,.addthis_toolbox a.addthis_button_google_plusone,.addthis_toolbox a.addthis_button_linkedin_counter,.addthis_toolbox a.addthis_button_pinterest_pinit,.addthis_toolbox a.addthis_button_tweet{display:inline-block}.at-share-tbx-element .google_plusone_iframe_widget>span>div{vertical-align:top!important}.addthis_toolbox span.addthis_follow_label{display:none}.addthis_toolbox.addthis_vertical_style span.addthis_follow_label{display:block;white-space:nowrap}.addthis_toolbox.addthis_vertical_style a{display:block}.addthis_toolbox.addthis_vertical_style.addthis_32x32_style a{line-height:2pc;height:2pc}.addthis_toolbox.addthis_vertical_style .at300bs{margin-right:4px;float:left}.addthis_toolbox.addthis_20x20_style span{line-height:20px}.addthis_toolbox.addthis_32x32_style span{line-height:2pc}.addthis_toolbox.addthis_pill_combo_style .addthis_button_compact .at15t_compact,.addthis_toolbox.addthis_pill_combo_style a{float:left}.addthis_toolbox.addthis_pill_combo_style a.addthis_button_tweet{margin-top:-2px}.addthis_toolbox.addthis_pill_combo_style .addthis_button_compact .at15t_compact{margin-right:4px}.addthis_default_style .addthis_separator{margin:0 5px;display:inline}div.atclear{clear:both}.addthis_default_style .addthis_separator,.addthis_default_style .at4-icon,.addthis_default_style .at300b,.addthis_default_style .at300bo,.addthis_default_style .at300bs,.addthis_default_style .at300m{float:left}.at300b img,.at300bo img{border:0}a.at300b .at4-icon,a.at300m .at4-icon{display:block}.addthis_default_style .at300b,.addthis_default_style .at300bo,.addthis_default_style .at300m{padding:0 2px}.at300b,.at300bo,.at300bs,.at300m{cursor:pointer}.addthis_button_facebook_like.at300b:hover,.addthis_button_facebook_like.at300bs:hover,.addthis_button_facebook_send.at300b:hover,.addthis_button_facebook_send.at300bs:hover{opacity:1}.addthis_20x20_style .at15t,.addthis_20x20_style .at300bs{overflow:hidden;display:block;height:20px!important;width:20px!important;line-height:20px!important}.addthis_32x32_style .at15t,.addthis_32x32_style .at300bs{overflow:hidden;display:block;height:2pc!important;width:2pc!important;line-height:2pc!important}.at300bs{overflow:hidden;display:block;background-position:0 0;height:1pc;width:1pc;line-height:1pc!important}.addthis_default_style .at15t_compact,.addthis_default_style .at15t_expanded{margin-right:4px}#at_share .at_item{width:123px!important;padding:4px;margin-right:2px;border:1px solid #fff}#at16p{background:url(data:image/png;base64,iVBORw0KGgoAAAANSUhEUgAAAAoAAAAKCAYAAACNMs+9AAAAGXRFWHRTb2Z0d2FyZQBBZG9iZSBJbWFnZVJlYWR5ccllPAAAABtJREFUeNpiZGBgaGAgAjAxEAlGFVJHIUCAAQDcngCUgqGMqwAAAABJRU5ErkJggg==);z-index:10000001;position:absolute;top:50%;left:50%;width:300px;padding:10px;margin:0 auto;margin-top:-185px;margin-left:-155px;font-family:arial,helvetica,tahoma,verdana,sans-serif;font-size:9pt;color:#5e5e5e}#at_share{margin:0;padding:0}#at16pt{position:relative;background:#f2f2f2;height:13px;padding:5px 10px}#at16pt a,#at16pt h4{font-weight:700}#at16pt h4{display:inline;margin:0;padding:0;font-size:9pt;color:#4c4c4c;cursor:default}#at16pt a{position:absolute;top:5px;right:10px;color:#4c4c4c;text-decoration:none;padding:2px}#at15sptx:focus,#at16pt a:focus{outline:thin dotted}#at15s #at16pf a{top:1px}#_atssh{width:1px!important;height:1px!important;border:0!important}.atm{width:10pc!important;padding:0;margin:0;line-height:9pt;letter-spacing:normal;font-family:arial,helvetica,tahoma,verdana,sans-serif;font-size:9pt;color:#444;background:url(data:image/png;base64,iVBORw0KGgoAAAANSUhEUgAAAAoAAAAKCAYAAACNMs+9AAAAGXRFWHRTb2Z0d2FyZQBBZG9iZSBJbWFnZVJlYWR5ccllPAAAABtJREFUeNpiZGBgaGAgAjAxEAlGFVJHIUCAAQDcngCUgqGMqwAAAABJRU5ErkJggg==);padding:4px}.atm-f{text-align:right;border-top:1px solid #ddd;padding:5px 8px}.atm-i{background:#fff;border:1px solid #d5d6d6;padding:0;margin:0;box-shadow:1px 1px 5px rgba(0,0,0,.15)}.atm-s{margin:0!important;padding:0!important}.atm-s a:focus{border:transparent;outline:0;transition:none}#at_hover.atm-s a,.atm-s a{display:block;text-decoration:none;padding:4px 10px;color:#235dab!important;font-weight:400;font-style:normal;transition:none}#at_hover.atm-s .at_bold{color:#235dab!important}#at_hover.atm-s a:hover,.atm-s a:hover{background:#2095f0;text-decoration:none;color:#fff!important}#at_hover.atm-s .at_bold{font-weight:700}#at_hover.atm-s a:hover .at_bold{color:#fff!important}.atm-s a .at-label{vertical-align:middle;margin-left:5px;direction:ltr}.at_PinItButton{display:block;width:40px;height:20px;padding:0;margin:0;background-image:url(//s7.addthis.com/static/t00/pinit00.png);background-repeat:no-repeat}.at_PinItButton:hover{background-position:0 -20px}.addthis_toolbox .addthis_button_pinterest_pinit{position:relative}.at-share-tbx-element .fb_iframe_widget span{vertical-align:baseline!important}#at16pf{height:auto;text-align:right;padding:4px 8px}.at-privacy-info{position:absolute;left:7px;bottom:7px;cursor:pointer;text-decoration:none;font-family:helvetica,arial,sans-serif;font-size:10px;line-height:9pt;letter-spacing:.2px;color:#666}.at-privacy-info:hover{color:#000}.body .wsb-social-share .wsb-social-share-button-vert{padding-top:0;padding-bottom:0}.body .wsb-social-share.addthis_counter_style .addthis_button_tweet.wsb-social-share-button{padding-top:40px}.body .wsb-social-share.addthis_counter_style .addthis_button_google_plusone.wsb-social-share-button{padding-top:0}.body .wsb-social-share.addthis_counter_style .addthis_button_facebook_like.wsb-social-share-button{padding-top:21px}@media print{#at4-follow,#at4-share,#at4-thankyou,#at4-whatsnext,#at4m-mobile,#at15s,.at4,.at4-recommended{display:none!important}}@media screen and (max-width:400px){.at4win{width:100%}}@media screen and (max-height:700px) and (max-width:400px){.at4-thankyou-inner .at4-recommended-container{height:122px;overflow:hidden}.at4-thankyou-inner .at4-recommended .at4-recommended-item:first-child{border-bottom:1px solid #c5c5c5}}</style><style type="text/css">.at-branding-logo{font-family:helvetica,arial,sans-serif;text-decoration:none;font-size:10px;display:inline-block;margin:2px 0;letter-spacing:.2px}.at-branding-logo .at-branding-icon{background-image:url("data:image/png;base64,iVBORw0KGgoAAAANSUhEUgAAAAoAAAAKCAMAAAC67D+PAAAAGXRFWHRTb2Z0d2FyZQBBZG9iZSBJbWFnZVJlYWR5ccllPAAAAAZQTFRF////+GlNUkcc1QAAAB1JREFUeNpiYIQDBjQmAwMmkwEM0JnY1WIxFyDAABGeAFEudiZsAAAAAElFTkSuQmCC")}.at-branding-logo .at-branding-icon,.at-branding-logo .at-privacy-icon{display:inline-block;height:10px;width:10px;margin-left:4px;margin-right:3px;margin-bottom:-1px;background-repeat:no-repeat}.at-branding-logo .at-privacy-icon{background-image:url("data:image/png;base64,iVBORw0KGgoAAAANSUhEUgAAAAkAAAAKCAMAAABR24SMAAAAGXRFWHRTb2Z0d2FyZQBBZG9iZSBJbWFnZVJlYWR5ccllPAAAABhQTFRF8fr9ot/xXcfn2/P5AKva////////AKTWodjhjAAAAAd0Uk5T////////ABpLA0YAAAA6SURBVHjaJMzBDQAwCAJAQaj7b9xifV0kUKJ9ciWxlzWEWI5gMF65KUTv0VKkjVeTerqE/x7+9BVgAEXbAWI8QDcfAAAAAElFTkSuQmCC")}.at-branding-logo span{text-decoration:none}.at-branding-logo .at-branding-addthis,.at-branding-logo .at-branding-powered-by{color:#666}.at-branding-logo .at-branding-addthis:hover{color:#333}.at-cv-with-image .at-branding-addthis,.at-cv-with-image .at-branding-addthis:hover{color:#fff}a.at-branding-logo:visited{color:initial}.at-branding-info{display:inline-block;padding:0 5px;color:#666;border:1px solid #666;border-radius:50%;font-size:10px;line-height:9pt;opacity:.7;transition:all .3s ease;text-decoration:none}.at-branding-info span{border:0;clip:rect(0 0 0 0);height:1px;margin:-1px;overflow:hidden;padding:0;position:absolute;width:1px}.at-branding-info:before{content:'i';font-family:Times New Roman}.at-branding-info:hover{color:#0780df;border-color:#0780df}</style>

    <!-- END OF IMPORTS -->
</head>
<body>
<!-- IMPORTS FROM CONTINENTE -->
<script>    (function (w, d, s, l, i) {
    w[l] = w[l] || []; w[l].push({ 'gtm.start':
            new Date().getTime(), event: 'gtm.js'
    }); var f = d.getElementsByTagName(s)[0],
        j = d.createElement(s), dl = l != 'dataLayer' ? '&l=' + l : ''; j.async = true; j.src =
        '//www.googletagmanager.com/gtm.js?id=' + i + dl; f.parentNode.insertBefore(j, f);
})(window, document, 'script', 'dataLayer', 'GTM-KSZMZ6');</script>

<script type="text/javascript">
    AddCustomCss('https://www.continente.pt/stores/continente/Style Library/Themes/Framework/css/custom.css');
    AddCustomJs('https://www.continente.pt/stores/continente/Style Library/Themes/Framework/scripts/custom.js');</script>
<!-- END OF IMPORTS -->
<div id="main">
    <div id="content">
        <div id="header_img_main" class="header_img">
            <img src="../assets/imgs/headers/ESPECIARIAS.jpg">
        </div>

        <div class="navigation-bar">

            <div id="navigation-container">
                <a href="../index.html"><img src="../assets/icons/Home_icon_black.png" class="logo"></a>
                <ul>
                    <li><a class="selected" href="especiarias.html">ESPECIARIAS</a></li>
                    <li><a href="ervas.html">ERVAS</a></li>
                    <li><a href="pimentas.html">PIMENTAS</a></li>
                    <li><a href="moinhos.html">MOINHOS</a></li>
                    <li><a href="misturas.html">MISTURAS</a></li>
                    <li><a href="bio.html">BIO</a></li>
                    <li><a href="receitas.html">RECEITAS</a></li>
                </ul>
            </div>
        </div>
        <div id="navDetails">
            <p> <span class="selected bold">ESPECIARIAS</span><br>
                As especiarias transformam qualquer prato em algo de especial.
                É a diversidade que dá sabor à vida, e existe uma diversidade imensa de especiarias.</p>
        </div>

        <div id="shopSection">
            <table class="s4-wpTopTable" border="0" cellpadding="0" cellspacing="0" width="100%">
                <tbody><tr>
                    <td valign="top"><div webpartid="cf1ce396-3fe1-43a5-b69f-51c3cbff1d50" haspers="false" id="WebPartctl00_SPWebPartManager1_g_cf1ce396_3fe1_43a5_b69f_51c3cbff1d50" width="100%" class="ms-WPBody" allowdelete="false" style=""><div id="ctl00_SPWebPartManager1_g_cf1ce396_3fe1_43a5_b69f_51c3cbff1d50">
                        <div id="ctl00_SPWebPartManager1_g_cf1ce396_3fe1_43a5_b69f_51c3cbff1d50_ctl00__panelcontrol_">
                            <div class="searchResultGlobalDiv_XOCD ecsf_SearchResultViewXOCD" xmlns:producthelper="Sonae.eCsf.Presentation.Web.XslExtensions.Product" xmlns:resources="Sonae.eCsf.Presentation.Web.XslExtensions.Resources" style="position: relative;"><input type="hidden" class="_channelIdShowPricesWithTax" value="1;True|2;True|4;True|5;False|6;True"><input type="hidden" class="_deferredDeliveyOffset_productBox" value="-330px"><input type="hidden" class="_propertiesToReturnParam" value="ProductId;DisplayName;Brand;WebPackageContentInfo;PriceCapacityRatio;PriceCapacityratioUnit;Listprice;OriginalListPrice;ProductCode;CatalogId;OriginalSalesUnit;OriginalAlternativeSalesUnit;VariantInfoXml;UnitConversionRate;SalesUnit;ContentType;IsAManufacturerClubProduct;IsOwnBrandProduct;IsOwnBrandSelectedProduct;IsAGourmetProduct;IsABiologicProduct;IsANationalProduct;IsAGlutenFreeProduct;IsALactoseFreeProduct;IsANewProduct;HasABuyXGetYFreeDiscount;AlternativeSalesUnit;IsInPromotion;IsATopTenProduct;IsADonationEnabledProduct;IsACheapProduct;IsAnExclusiveProduct;AvailabilityInDays;WebDiscountStartDate;WebDiscountEndDate;WebDiscountValue;WebDiscountIcon;RetekDiscountStartDate;RetekDiscountEndDate;WebDiscountType;RetekDiscountValue;RetekDiscountIcon;RetekDiscountType;WebDisplayName;DefinitionName;CanonicalCategoriesAggregated;PrimaryParentCategoryName;AdditionalSaleOptions;DeferredDelivery;WebDiscountQuantity;TaxCode;ProvisioningStore;MaxNumberOfUnitsPerSale;MinNumberOfUnitsPerSale"><input type="hidden" class="_groupByContentType" value="false"><input type="hidden" class="_groupByStore" value="false"><input type="hidden" class="_category" value=""><input type="hidden" class="_queryScope" value="1"><input type="hidden" class="_ProductImageToken" value="https://media.continente.pt/Sonae.eGlobal.Presentation.Web.Media/media.axd?resourceSearchType=2&amp;resource=ProductId=[ProductId]&amp;siteId=1&amp;channelId=[channelId]&amp;width=150&amp;height=150&amp;defaultOptions=1"><input type="hidden" class="_sortDefaultValue" value=""><input type="hidden" class="_pagingLimitItemsDefaultValue" value="20"><input type="hidden" class="_ProductDetailUrlToken" value="https://www.continente.pt/[channelName]/pt-pt/public/Pages/ProductDetail.aspx?ProductId=[ProductId]"><input type="hidden" class="_IsShoppingAllowed" value="true"><input type="hidden" class="_IsUserProfileAuthenticated" value="false"><input type="hidden" class="_currentTotalPages" value="10"><input type="hidden" class="_searchText" value="2003212;2834249;2725521;4024172;5274122;2005767;2003219;2003220;2901269;2003221;4879598;2003223;2003222;4879600;2003337;4879604;2003335;2003337;2505418;5274688;4026566;5048067;2003341;2014597;5533488;2953437;4879588;2003399;5250097;2826908;2505411;2507850;2003415;3734143;2003457;2834264;2003461;2003472;2003464;2003469;5298346"><input type="hidden" class="_paginationEnabled" value="true"><input type="hidden" class="_sortEnabled" value="true"><input type="hidden" class="_pagingLimitEnabled" value="true"><input type="hidden" class="_itemsPerPage" value="20"><input type="hidden" class="_specialCategoryKey" value=""><input type="hidden" class="_contentTypes" value="Product"><input type="hidden" class="_richContents" value=""><input type="hidden" class="_context" value="XOCD"><input type="hidden" class="_actualPage" value="1"><input type="hidden" class="_currentDateTime" value="26-11-2018 10:18:27"><input type="hidden" class="_preventProductsInBasket" value="false"><input type="hidden" class="_contentSearchResultsPage" value="https://www.continente.pt/stores/continente/pt-pt/public/Pages/ContentSearchResults.aspx"><input type="hidden" class="_currentIsoLanguageName" value="pt-pt"><div class="_ecsfAsyncSearchResults"><input type="hidden" class="_canonicalCategory" value="<r><ri pid=&quot;74&quot; cid=&quot;8652&quot; n=&quot;Mercearia(eCsf_WebProductCatalog_MegastoreContinenteOnline_Continente_EUR_Colombo_PT)&quot; v=&quot;Mercearia&quot; d=&quot;WebCategoryDefinition&quot; e=&quot;1&quot;/><ri pid=&quot;8652&quot; cid=&quot;8664&quot; n=&quot;mercearia-molhos-temperos-sal(eCsf_WebProductCatalog_MegastoreContinenteOnline_Continente_EUR_Colombo_PT)&quot; v=&quot;Molhos, Temperos e Sal&quot; d=&quot;WebCategoryDefinition&quot; e=&quot;1&quot;/><ri pid=&quot;8664&quot; cid=&quot;8668&quot; n=&quot;mercearia-especiarias-ervas(eCsf_WebProductCatalog_MegastoreContinenteOnline_Continente_EUR_Colombo_PT)&quot; v=&quot;Especiarias e Ervas Aromáticas&quot; d=&quot;WebCategoryDefinition&quot; e=&quot;1&quot;/><ri pid=&quot;8668&quot; cid=&quot;273264&quot; n=&quot;mercearia-especiarias-ervas-acafrao(eCsf_WebProductCatalog_MegastoreContinenteOnline_Continente_EUR_Colombo_PT)&quot; v=&quot;Açafrão e Caril&quot; d=&quot;WebCategoryDefinition&quot; e=&quot;1&quot;/></r>"><input type="hidden" class="_sort" value="Revelance;WebDisplayName;PriceCapacityRatio;Brand;OriginalListPrice;IsInPromotion"><div id="orderAndPaging">
                                <div class="orderArea ecsf_Sort" style="float:left"><input type="hidden" class="_sortDefaultValue" value=""><div class="orderTitle">Ordenar:</div>
                                    <div class="orderOptions">
                                        <ul>
                                            <li class="selected">
                                                <div class="text ecsfSortName"><input type="hidden" class="sortPropertie" value="Revelance">Relevância</div>
                                                <div class="orderSep">&nbsp;</div>
                                            </li>
                                            <li>
                                                <div class="text ecsfSortName"><input type="hidden" class="sortPropertie" value="WebDisplayName">Nome</div>
                                                <div class="orderSep">&nbsp;</div>
                                            </li>
                                            <li>
                                                <div class="text ecsfSortName"><input type="hidden" class="sortPropertie" value="PriceCapacityRatio">Preço/Capacidade</div>
                                                <div class="orderSep">&nbsp;</div>
                                            </li>
                                            <li>
                                                <div class="text ecsfSortName"><input type="hidden" class="sortPropertie" value="Brand">Marca</div>
                                                <div class="orderSep">&nbsp;</div>
                                            </li>
                                            <li>
                                                <div class="text ecsfSortName"><input type="hidden" class="sortPropertie" value="OriginalListPrice">Preço</div>
                                                <div class="orderSep">&nbsp;</div>
                                            </li>
                                            <li>
                                                <div class="text ecsfSortName"><input type="hidden" class="sortPropertie" value="IsInPromotion">Campanhas</div>
                                            </li>
                                        </ul>
                                    </div>
                                </div>
                                <div class="pagingArea ecsf_PagingLimit">
                                    <div class="pagingTitle">Produtos por Página:</div>
                                    <div class="pageOptions">
                                        <ul>
                                            <li class="_20"><a href="#" onclick="return false;">20</a><span class="sep"> |</span></li>
                                            <li class="_40 selected"><a href="#" onclick="return false;">40</a><span class="sep"> |</span></li>
                                            <li class="_80"><a href="#" onclick="return false;">80</a></li>
                                        </ul>
                                    </div>
                                </div>
                            </div>
                                <div class="_ecsfGlobalResultsWrapper_XOCD"><!-- Content Type -->             <!-- Product Box -->                        <div class="productsGrid collapse-expand-item">                      <div class="gridRow">                                                                                     <div class="productItem">                                                            <div class="productBox basketWrapper Continente ecsf_product_icons ecsf_add_product_to_basket">        <input class="IsAlreadyInBasket" type="hidden" value="false">        <input class="item_pid" type="hidden" value="4879600(eCsf_RetekProductCatalog_MegastoreContinenteOnline_Continente)">      <input class="item_variantId" type="hidden" value="">      <input class="item_originalSalesUnit" type="hidden" value="Unit">      <input class="item_channelId" type="hidden" value="1">      <input class="item_unitConversionRate" type="hidden" value="0.0">      <input class="item_listPrice" type="hidden" value="2.29">      <input class="item_requestedSalesUnit" type="hidden" value="Unit">      <input class="item_originalAlternativeSalesUnit" type="hidden" value="" name="originalAlternativeSalesUnit">      <input class="AvailabilityInDays" type="hidden" value="0">        <input class="IsInPromotion" type="hidden" value="false">      <input class="DeferredDelivery" type="hidden" value="0">      <input class="RelatedProductsAggregated" type="hidden" value="">        <input class="HasABuyXGetYFreeDiscount" type="hidden" value="false">      <!--<input _tmplitem="54"  class="IsOwnBrandProduct" type="hidden" value="false"/>      <input _tmplitem="54"  class="IsOwnBrandSelectedProduct" type="hidden" value="false"/>      <input _tmplitem="54"  class="IsAManufacturerClubProduct" type="hidden" value="false"/>      <input _tmplitem="54"  class="IsATopTenProduct" type="hidden" value="false"/>      <input _tmplitem="54"  class="IsAGourmetProduct" type="hidden" value="false"/>      <input _tmplitem="54"  class="IsABiologicProduct" type="hidden" value="false"/>      <input _tmplitem="54"  class="IsANationalProduct" type="hidden" value="false"/>      <input _tmplitem="54"  class="IsAGlutenFreeProduct" type="hidden" value="false"/>      <input _tmplitem="54"  class="IsALactoseFreeProduct" type="hidden" value="false"/>      <input _tmplitem="54"  class="IsANewProduct" type="hidden" value="false"/>      <input _tmplitem="54"  class="IsInPromotion" type="hidden" value="false"/>      <input _tmplitem="54"  class="IsATopTenProduct" type="hidden" value="false"/>      <input _tmplitem="54"  class="IsADonationEnabledProduct" type="hidden" value="false"/>      <input _tmplitem="54"  class="IsACheapProduct" type="hidden" value="false"/>      <input _tmplitem="54"  class="IsAnExclusiveProduct" type="hidden" value="false"/>-->        <input class="ItemLevelDiscountAmount" type="hidden" value="">      <input class="ItemLevelLoyaltyDiscountAmount" type="hidden" value="">        <input class="HasWebDiscounts" type="hidden" value="false">      <input class="WebDiscountStartDate" type="hidden" value="">      <input class="WebDiscountEndDate" type="hidden" value="">      <input class="WebDiscountValue" type="hidden" value="">      <input class="WebDiscountIcon" type="hidden" value="">      <input class="WebDiscountQuantity" type="hidden" value="">      <input class="HasRetekDiscounts" type="hidden" value="false">      <input class="RetekDiscountStartDate" type="hidden" value="Tue Sep 19 2017 01:00:00 GMT+0100 (Western European Summer Time)">      <input class="RetekDiscountEndDate" type="hidden" value="Tue Sep 26 2017 00:59:59 GMT+0100 (Western European Summer Time)">      <input class="WebDiscountType" type="hidden" value="">      <input class="RetekDiscountValue" type="hidden" value="25.0000">      <input class="RetekDiscountIcon" type="hidden" value="superPriceIcon">      <input class="RetekDiscountType" type="hidden" value="Percentage">        <input class="HasIsolateShipment" type="hidden" value="">      <input class="HasTaxFree" type="hidden" value="">      <input class="HasCashcardPaymentNotAvailable" type="hidden" value="">      <input class="HasProductGift" type="hidden" value="">      <input class="HasGift" type="hidden" value="">      <input class="HasMoreDetail" type="hidden" value="">        <input class="OriginalListPriceTax" type="hidden" value="0.4282">      <input class="OriginalListPrice" type="hidden" value="2.29">      <input class="PriceCapacityRatioTax" type="hidden" value="9.5160">      <input class="PriceCapacityRatio" type="hidden" value="50.89">      <input class="WebDiscountValueTax" type="hidden" value="0.0">      <input class="RetekDiscountValueTax" type="hidden" value="0.0">      <input class="InventoryCondition" type="hidden" value="0">        <input class="MaxNumberOfUnitsPerSale" type="hidden" value="50">      <input class="MinNumberOfUnitsPerSale" type="hidden" value="1">                                                                                                                                      <input class="showPricesWithTax" type="hidden" value="true">              <input class="pIcons" type="hidden" value="00000000000000000000">    <div class="productBoxTop">        <div class="containerImage">          <div class="image">                        <a href="https://www.continente.pt/stores/continente/pt-pt/public/Pages/ProductDetail.aspx?ProductId=4879600(eCsf_RetekProductCatalog_MegastoreContinenteOnline_Continente)&amp;refiner=%23%2F%3Fpl%3D40" class="ecsf_QuerySuggestions">                                        <img class="lazy" width="150" heigh="150" data-original="https://media.continente.pt/Sonae.eGlobal.Presentation.Web.Media/media.axd?resourceSearchType=2&amp;resource=ProductId=4879600(eCsf$RetekProductCatalog$MegastoreContinenteOnline$Continente)&amp;siteId=1&amp;channelId=1&amp;width=150&amp;height=150&amp;defaultOptions=1" src="https://media.continente.pt/Sonae.eGlobal.Presentation.Web.Media/media.axd?resourceSearchType=2&amp;resource=ProductId=4879600(eCsf$RetekProductCatalog$MegastoreContinenteOnline$Continente)&amp;siteId=1&amp;channelId=1&amp;width=150&amp;height=150&amp;defaultOptions=1" alt="Caril Madras" style="display: inline;">                                </a>                                                  </div>          <div class="discountIcon productIcons">            <div class="largeIcon">              <div class="productDiscountLargeIcon">                                  </div>            </div>                      </div>      </div>      <div class="clearBoth"></div>      <div class="containerDescription">          <div class="title">                                <a class="ecsf_QuerySuggestions" href="https://www.continente.pt/stores/continente/pt-pt/public/Pages/ProductDetail.aspx?ProductId=4879600(eCsf_RetekProductCatalog_MegastoreContinenteOnline_Continente)&amp;refiner=%23%2F%3Fpl%3D40" title="Caril Madras">Caril Madras</a>                        </div>          <div class="type">Margão</div>          <div class="subTitle">                            emb. 45 gr                                </div>              </div>                <div class="containerPrice">                                 <div class="standardPriceContainer-selector">                       <div class="priceFirstRow">                      €                  2,29                                        <span> /un</span>              </div>                                              <div class="priceSecondRow">                          €                                                                                        50,89                                                                                                                                                       <span> /kg</span>                              </div>                                                                        </div>                                           <div class="containerPriceQuantity containerPriceQuantity-selector" style="display: none;">                                              <div class="title">Desconto em quantidade</div>                                              <div class="optionsTable">                                                  <div class="optionRow">                                                      <div class="columnLeft"><span class="quantityOverThreshold-selector"></span></div>                                                      <div class="columnRight"><span class="priceWithDiscountOverThreshold-selector"></span></div>                                                  </div>                                                  <div class="optionRow">                                                      <div class="columnLeft"><span class="quantityUnderThreshold-selector"></span></div>                                                      <div class="columnRight"><span class="priceWithDiscountUnderThreshold-selector"></span></div>                                                  </div>                                              </div>                                          </div>                                                                                    </div>                                          <div class="clearBoth"></div>                                          <div class="productIcons containerIcons">                                                                                        <div class="icons">                                                  <div class="icon">                                                  <div class="productIconWithMeasure"></div>                                                </div>                                                <div class="icon ">                                                  <div class="productIconWithMeasure"></div>                                                </div>                                              </div>                                                                                                                      <div class="discountMessage">                                                              <!-- Discounts original (esta classe deve existir para que o ícone grande funcione) -->                                                              <div class="discountCard" style="display:none">                                                                  <div class="productIcon continenteCard"></div>                                                                  <div class="cardDiscountText">                                                                      <span class="iconDiscountText"></span>                                                                      <span class="discountType Value" style="display:none">                                                                          €                                                          </span>                                                          <span class="discountValue"></span>                                                          <span class="discountType Percentage" style="display:none">                                                              %                                                          </span>                                                      </div>                                                  </div>                                              </div>                                                                                                                                                                                </div>                                                      <div class="clearBoth"></div>                                                      <div class="productQuantityArea">                                                                                                                                <div class="addToBasketUnit">                                                                      <div class="unitsTextBoxArea">                                                                                                                                                <input name="unitsToAdd" class="item_qty unitsTextBox" type="text" value="1" maxlength="3">                                                                                                                                            </div>                                                                      <div class="addRemoveUnits">                                                                                                                                                        <div class="addUnits "><input class="increase-ItemQuantityWithOutUpdate" type="button" title="Add"></div>                                                                              <div class="removeUnits"><input class="decrease-ItemQuantityWithOutUpdate" type="button" title="Remove"></div>                                                                                                                                </div>                                                          </div>                                                            <div class="productActionButtonsArea _addToListBtnWrapper ecsf_add_product_to_shopping_list">                                                              <div class="reserveButtonContainer actionButtonArea">                                                                                                                                                                                                                  <div class="reserveButton ecsf_QuerySuggestions _showNotLoggedPopup">Reservar</div>                                                                                                                                                                                                                          </div>                                                                          <div class="actionButtonArea">                                                                              <div class="buttonLeftBorder"></div>                                                                                                                                                                                                                                                                                                                                                <input class="button add-ToBasket anonBasket ecsf_QuerySuggestions" type="button" name="AddToBasket" value="Carrinho">                                                                                                                                                                                                                                                                                                                                                                                                                  <div class="buttonRightBorder"></div>                                                                      </div>                                                                      <div class="actionButtonArea last">                                                                          <div class="grayButtonLeftBorder"></div>                                                                                                                                                        <input class="grayButton ecsf_QuerySuggestions _showNotLoggedPopup" type="button" name="List" value="Lista">                                                                                                                                                <div class="grayButtonRightBorder"></div>                                                                  </div>                                                                </div>                                                                                                              </div>                                                          </div>                                                            <div class="clearBoth"></div>                                                                                                                                              </div>                              </div>                                                                                     <div class="productItem">                                                            <div class="productBox basketWrapper Continente ecsf_product_icons ecsf_add_product_to_basket">        <input class="IsAlreadyInBasket" type="hidden" value="false">        <input class="item_pid" type="hidden" value="2505411(eCsf_RetekProductCatalog_MegastoreContinenteOnline_Continente)">      <input class="item_variantId" type="hidden" value="">      <input class="item_originalSalesUnit" type="hidden" value="Unit">      <input class="item_channelId" type="hidden" value="1">      <input class="item_unitConversionRate" type="hidden" value="0.0">      <input class="item_listPrice" type="hidden" value="2.39">      <input class="item_requestedSalesUnit" type="hidden" value="Unit">      <input class="item_originalAlternativeSalesUnit" type="hidden" value="" name="originalAlternativeSalesUnit">      <input class="AvailabilityInDays" type="hidden" value="0">        <input class="IsInPromotion" type="hidden" value="false">      <input class="DeferredDelivery" type="hidden" value="0">      <input class="RelatedProductsAggregated" type="hidden" value="">        <input class="HasABuyXGetYFreeDiscount" type="hidden" value="false">      <!--<input _tmplitem="55"  class="IsOwnBrandProduct" type="hidden" value="false"/>      <input _tmplitem="55"  class="IsOwnBrandSelectedProduct" type="hidden" value="false"/>      <input _tmplitem="55"  class="IsAManufacturerClubProduct" type="hidden" value="false"/>      <input _tmplitem="55"  class="IsATopTenProduct" type="hidden" value="false"/>      <input _tmplitem="55"  class="IsAGourmetProduct" type="hidden" value="false"/>      <input _tmplitem="55"  class="IsABiologicProduct" type="hidden" value="false"/>      <input _tmplitem="55"  class="IsANationalProduct" type="hidden" value="false"/>      <input _tmplitem="55"  class="IsAGlutenFreeProduct" type="hidden" value="false"/>      <input _tmplitem="55"  class="IsALactoseFreeProduct" type="hidden" value="false"/>      <input _tmplitem="55"  class="IsANewProduct" type="hidden" value="false"/>      <input _tmplitem="55"  class="IsInPromotion" type="hidden" value="false"/>      <input _tmplitem="55"  class="IsATopTenProduct" type="hidden" value="false"/>      <input _tmplitem="55"  class="IsADonationEnabledProduct" type="hidden" value="false"/>      <input _tmplitem="55"  class="IsACheapProduct" type="hidden" value="false"/>      <input _tmplitem="55"  class="IsAnExclusiveProduct" type="hidden" value="false"/>-->        <input class="ItemLevelDiscountAmount" type="hidden" value="">      <input class="ItemLevelLoyaltyDiscountAmount" type="hidden" value="">        <input class="HasWebDiscounts" type="hidden" value="false">      <input class="WebDiscountStartDate" type="hidden" value="">      <input class="WebDiscountEndDate" type="hidden" value="">      <input class="WebDiscountValue" type="hidden" value="">      <input class="WebDiscountIcon" type="hidden" value="">      <input class="WebDiscountQuantity" type="hidden" value="">      <input class="HasRetekDiscounts" type="hidden" value="false">      <input class="RetekDiscountStartDate" type="hidden" value="Tue Sep 06 2016 01:00:00 GMT+0100 (Western European Summer Time)">      <input class="RetekDiscountEndDate" type="hidden" value="Tue Sep 13 2016 00:59:59 GMT+0100 (Western European Summer Time)">      <input class="WebDiscountType" type="hidden" value="">      <input class="RetekDiscountValue" type="hidden" value="25.0000">      <input class="RetekDiscountIcon" type="hidden" value="superPriceIcon">      <input class="RetekDiscountType" type="hidden" value="Percentage">        <input class="HasIsolateShipment" type="hidden" value="">      <input class="HasTaxFree" type="hidden" value="">      <input class="HasCashcardPaymentNotAvailable" type="hidden" value="">      <input class="HasProductGift" type="hidden" value="">      <input class="HasGift" type="hidden" value="">      <input class="HasMoreDetail" type="hidden" value="">        <input class="OriginalListPriceTax" type="hidden" value="0.4469">      <input class="OriginalListPrice" type="hidden" value="2.39">      <input class="PriceCapacityRatioTax" type="hidden" value="8.9382">      <input class="PriceCapacityRatio" type="hidden" value="47.8">      <input class="WebDiscountValueTax" type="hidden" value="0.0">      <input class="RetekDiscountValueTax" type="hidden" value="0.0">      <input class="InventoryCondition" type="hidden" value="0">        <input class="MaxNumberOfUnitsPerSale" type="hidden" value="50">      <input class="MinNumberOfUnitsPerSale" type="hidden" value="1">                                                                                                                                      <input class="showPricesWithTax" type="hidden" value="true">              <input class="pIcons" type="hidden" value="00000000000000000000">    <div class="productBoxTop">        <div class="containerImage">          <div class="image">                        <a href="https://www.continente.pt/stores/continente/pt-pt/public/Pages/ProductDetail.aspx?ProductId=2505411(eCsf_RetekProductCatalog_MegastoreContinenteOnline_Continente)&amp;refiner=%23%2F%3Fpl%3D40" class="ecsf_QuerySuggestions">                                        <img class="lazy" width="150" heigh="150" data-original="https://media.continente.pt/Sonae.eGlobal.Presentation.Web.Media/media.axd?resourceSearchType=2&amp;resource=ProductId=2505411(eCsf$RetekProductCatalog$MegastoreContinenteOnline$Continente)&amp;siteId=1&amp;channelId=1&amp;width=150&amp;height=150&amp;defaultOptions=1" src="https://media.continente.pt/Sonae.eGlobal.Presentation.Web.Media/media.axd?resourceSearchType=2&amp;resource=ProductId=2505411(eCsf$RetekProductCatalog$MegastoreContinenteOnline$Continente)&amp;siteId=1&amp;channelId=1&amp;width=150&amp;height=150&amp;defaultOptions=1" alt="Noz Moscada Moída" style="display: inline;">                                </a>                                                  </div>          <div class="discountIcon productIcons">            <div class="largeIcon">              <div class="productDiscountLargeIcon">                                  </div>            </div>                      </div>      </div>      <div class="clearBoth"></div>      <div class="containerDescription">          <div class="title">                                <a class="ecsf_QuerySuggestions" href="https://www.continente.pt/stores/continente/pt-pt/public/Pages/ProductDetail.aspx?ProductId=2505411(eCsf_RetekProductCatalog_MegastoreContinenteOnline_Continente)&amp;refiner=%23%2F%3Fpl%3D40" title="Noz Moscada Moída">Noz Moscada Moída</a>                        </div>          <div class="type">Margão</div>          <div class="subTitle">                            emb. 50 gr                                </div>              </div>                <div class="containerPrice">                                 <div class="standardPriceContainer-selector">                       <div class="priceFirstRow">                      €                  2,39                                        <span> /un</span>              </div>                                              <div class="priceSecondRow">                          €                                                                                        47,80                                                                                                                                                       <span> /kg</span>                              </div>                                                                        </div>                                           <div class="containerPriceQuantity containerPriceQuantity-selector" style="display: none;">                                              <div class="title">Desconto em quantidade</div>                                              <div class="optionsTable">                                                  <div class="optionRow">                                                      <div class="columnLeft"><span class="quantityOverThreshold-selector"></span></div>                                                      <div class="columnRight"><span class="priceWithDiscountOverThreshold-selector"></span></div>                                                  </div>                                                  <div class="optionRow">                                                      <div class="columnLeft"><span class="quantityUnderThreshold-selector"></span></div>                                                      <div class="columnRight"><span class="priceWithDiscountUnderThreshold-selector"></span></div>                                                  </div>                                              </div>                                          </div>                                                                                    </div>                                          <div class="clearBoth"></div>                                          <div class="productIcons containerIcons">                                                                                        <div class="icons">                                                  <div class="icon">                                                  <div class="productIconWithMeasure"></div>                                                </div>                                                <div class="icon ">                                                  <div class="productIconWithMeasure"></div>                                                </div>                                              </div>                                                                                                                      <div class="discountMessage">                                                              <!-- Discounts original (esta classe deve existir para que o ícone grande funcione) -->                                                              <div class="discountCard" style="display:none">                                                                  <div class="productIcon continenteCard"></div>                                                                  <div class="cardDiscountText">                                                                      <span class="iconDiscountText"></span>                                                                      <span class="discountType Value" style="display:none">                                                                          €                                                          </span>                                                          <span class="discountValue"></span>                                                          <span class="discountType Percentage" style="display:none">                                                              %                                                          </span>                                                      </div>                                                  </div>                                              </div>                                                                                                                                                                                </div>                                                      <div class="clearBoth"></div>                                                      <div class="productQuantityArea">                                                                                                                                <div class="addToBasketUnit">                                                                      <div class="unitsTextBoxArea">                                                                                                                                                <input name="unitsToAdd" class="item_qty unitsTextBox" type="text" value="1" maxlength="3">                                                                                                                                            </div>                                                                      <div class="addRemoveUnits">                                                                                                                                                        <div class="addUnits "><input class="increase-ItemQuantityWithOutUpdate" type="button" title="Add"></div>                                                                              <div class="removeUnits"><input class="decrease-ItemQuantityWithOutUpdate" type="button" title="Remove"></div>                                                                                                                                </div>                                                          </div>                                                            <div class="productActionButtonsArea _addToListBtnWrapper ecsf_add_product_to_shopping_list">                                                              <div class="reserveButtonContainer actionButtonArea">                                                                                                                                                                                                                  <div class="reserveButton ecsf_QuerySuggestions _showNotLoggedPopup">Reservar</div>                                                                                                                                                                                                                          </div>                                                                          <div class="actionButtonArea">                                                                              <div class="buttonLeftBorder"></div>                                                                                                                                                                                                                                                                                                                                                <input class="button add-ToBasket anonBasket ecsf_QuerySuggestions" type="button" name="AddToBasket" value="Carrinho">                                                                                                                                                                                                                                                                                                                                                                                                                  <div class="buttonRightBorder"></div>                                                                      </div>                                                                      <div class="actionButtonArea last">                                                                          <div class="grayButtonLeftBorder"></div>                                                                                                                                                        <input class="grayButton ecsf_QuerySuggestions _showNotLoggedPopup" type="button" name="List" value="Lista">                                                                                                                                                <div class="grayButtonRightBorder"></div>                                                                  </div>                                                                </div>                                                                                                              </div>                                                          </div>                                                            <div class="clearBoth"></div>                                                                                                                                              </div>                              </div>                                                                                     <div class="productItem">                                                            <div class="productBox basketWrapper Continente ecsf_product_icons ecsf_add_product_to_basket">        <input class="IsAlreadyInBasket" type="hidden" value="false">        <input class="item_pid" type="hidden" value="2507850(eCsf_RetekProductCatalog_MegastoreContinenteOnline_Continente)">      <input class="item_variantId" type="hidden" value="">      <input class="item_originalSalesUnit" type="hidden" value="Unit">      <input class="item_channelId" type="hidden" value="1">      <input class="item_unitConversionRate" type="hidden" value="0.0">      <input class="item_listPrice" type="hidden" value="1.39">      <input class="item_requestedSalesUnit" type="hidden" value="Unit">      <input class="item_originalAlternativeSalesUnit" type="hidden" value="" name="originalAlternativeSalesUnit">      <input class="AvailabilityInDays" type="hidden" value="0">        <input class="IsInPromotion" type="hidden" value="false">      <input class="DeferredDelivery" type="hidden" value="0">      <input class="RelatedProductsAggregated" type="hidden" value="">        <input class="HasABuyXGetYFreeDiscount" type="hidden" value="false">      <!--<input _tmplitem="56"  class="IsOwnBrandProduct" type="hidden" value="false"/>      <input _tmplitem="56"  class="IsOwnBrandSelectedProduct" type="hidden" value="false"/>      <input _tmplitem="56"  class="IsAManufacturerClubProduct" type="hidden" value="false"/>      <input _tmplitem="56"  class="IsATopTenProduct" type="hidden" value="false"/>      <input _tmplitem="56"  class="IsAGourmetProduct" type="hidden" value="false"/>      <input _tmplitem="56"  class="IsABiologicProduct" type="hidden" value="false"/>      <input _tmplitem="56"  class="IsANationalProduct" type="hidden" value="false"/>      <input _tmplitem="56"  class="IsAGlutenFreeProduct" type="hidden" value="false"/>      <input _tmplitem="56"  class="IsALactoseFreeProduct" type="hidden" value="false"/>      <input _tmplitem="56"  class="IsANewProduct" type="hidden" value="false"/>      <input _tmplitem="56"  class="IsInPromotion" type="hidden" value="false"/>      <input _tmplitem="56"  class="IsATopTenProduct" type="hidden" value="false"/>      <input _tmplitem="56"  class="IsADonationEnabledProduct" type="hidden" value="false"/>      <input _tmplitem="56"  class="IsACheapProduct" type="hidden" value="false"/>      <input _tmplitem="56"  class="IsAnExclusiveProduct" type="hidden" value="false"/>-->        <input class="ItemLevelDiscountAmount" type="hidden" value="">      <input class="ItemLevelLoyaltyDiscountAmount" type="hidden" value="">        <input class="HasWebDiscounts" type="hidden" value="false">      <input class="WebDiscountStartDate" type="hidden" value="">      <input class="WebDiscountEndDate" type="hidden" value="">      <input class="WebDiscountValue" type="hidden" value="">      <input class="WebDiscountIcon" type="hidden" value="">      <input class="WebDiscountQuantity" type="hidden" value="">      <input class="HasRetekDiscounts" type="hidden" value="false">      <input class="RetekDiscountStartDate" type="hidden" value="Tue Sep 06 2016 01:00:00 GMT+0100 (Western European Summer Time)">      <input class="RetekDiscountEndDate" type="hidden" value="Tue Sep 13 2016 00:59:59 GMT+0100 (Western European Summer Time)">      <input class="WebDiscountType" type="hidden" value="">      <input class="RetekDiscountValue" type="hidden" value="25.0000">      <input class="RetekDiscountIcon" type="hidden" value="superPriceIcon">      <input class="RetekDiscountType" type="hidden" value="Percentage">        <input class="HasIsolateShipment" type="hidden" value="">      <input class="HasTaxFree" type="hidden" value="">      <input class="HasCashcardPaymentNotAvailable" type="hidden" value="">      <input class="HasProductGift" type="hidden" value="">      <input class="HasGift" type="hidden" value="">      <input class="HasMoreDetail" type="hidden" value="">        <input class="OriginalListPriceTax" type="hidden" value="0.2599">      <input class="OriginalListPrice" type="hidden" value="1.39">      <input class="PriceCapacityRatioTax" type="hidden" value="5.1984">      <input class="PriceCapacityRatio" type="hidden" value="27.8">      <input class="WebDiscountValueTax" type="hidden" value="0.0">      <input class="RetekDiscountValueTax" type="hidden" value="0.0">      <input class="InventoryCondition" type="hidden" value="0">        <input class="MaxNumberOfUnitsPerSale" type="hidden" value="50">      <input class="MinNumberOfUnitsPerSale" type="hidden" value="1">                                                                                                                                      <input class="showPricesWithTax" type="hidden" value="true">              <input class="pIcons" type="hidden" value="00000000000000000000">    <div class="productBoxTop">        <div class="containerImage">          <div class="image">                        <a href="https://www.continente.pt/stores/continente/pt-pt/public/Pages/ProductDetail.aspx?ProductId=2507850(eCsf_RetekProductCatalog_MegastoreContinenteOnline_Continente)&amp;refiner=%23%2F%3Fpl%3D40" class="ecsf_QuerySuggestions">                                        <img class="lazy" width="150" heigh="150" data-original="https://media.continente.pt/Sonae.eGlobal.Presentation.Web.Media/media.axd?resourceSearchType=2&amp;resource=ProductId=2507850(eCsf$RetekProductCatalog$MegastoreContinenteOnline$Continente)&amp;siteId=1&amp;channelId=1&amp;width=150&amp;height=150&amp;defaultOptions=1" src="https://media.continente.pt/Sonae.eGlobal.Presentation.Web.Media/media.axd?resourceSearchType=2&amp;resource=ProductId=2507850(eCsf$RetekProductCatalog$MegastoreContinenteOnline$Continente)&amp;siteId=1&amp;channelId=1&amp;width=150&amp;height=150&amp;defaultOptions=1" alt="Paprika" style="display: inline;">                                </a>                                                  </div>          <div class="discountIcon productIcons">            <div class="largeIcon">              <div class="productDiscountLargeIcon">                                  </div>            </div>                      </div>      </div>      <div class="clearBoth"></div>      <div class="containerDescription">          <div class="title">                                <a class="ecsf_QuerySuggestions" href="https://www.continente.pt/stores/continente/pt-pt/public/Pages/ProductDetail.aspx?ProductId=2507850(eCsf_RetekProductCatalog_MegastoreContinenteOnline_Continente)&amp;refiner=%23%2F%3Fpl%3D40" title="Paprika">Paprika</a>                        </div>          <div class="type">Margão</div>          <div class="subTitle">                            emb. 50 gr                                </div>              </div>                <div class="containerPrice">                                 <div class="standardPriceContainer-selector">                       <div class="priceFirstRow">                      €                  1,39                                        <span> /un</span>              </div>                                              <div class="priceSecondRow">                          €                                                                                        27,80                                                                                                                                                       <span> /kg</span>                              </div>                                                                        </div>                                           <div class="containerPriceQuantity containerPriceQuantity-selector" style="display: none;">                                              <div class="title">Desconto em quantidade</div>                                              <div class="optionsTable">                                                  <div class="optionRow">                                                      <div class="columnLeft"><span class="quantityOverThreshold-selector"></span></div>                                                      <div class="columnRight"><span class="priceWithDiscountOverThreshold-selector"></span></div>                                                  </div>                                                  <div class="optionRow">                                                      <div class="columnLeft"><span class="quantityUnderThreshold-selector"></span></div>                                                      <div class="columnRight"><span class="priceWithDiscountUnderThreshold-selector"></span></div>                                                  </div>                                              </div>                                          </div>                                                                                    </div>                                          <div class="clearBoth"></div>                                          <div class="productIcons containerIcons">                                                                                        <div class="icons">                                                  <div class="icon">                                                  <div class="productIconWithMeasure"></div>                                                </div>                                                <div class="icon ">                                                  <div class="productIconWithMeasure"></div>                                                </div>                                              </div>                                                                                                                      <div class="discountMessage">                                                              <!-- Discounts original (esta classe deve existir para que o ícone grande funcione) -->                                                              <div class="discountCard" style="display:none">                                                                  <div class="productIcon continenteCard"></div>                                                                  <div class="cardDiscountText">                                                                      <span class="iconDiscountText"></span>                                                                      <span class="discountType Value" style="display:none">                                                                          €                                                          </span>                                                          <span class="discountValue"></span>                                                          <span class="discountType Percentage" style="display:none">                                                              %                                                          </span>                                                      </div>                                                  </div>                                              </div>                                                                                                                                                                                </div>                                                      <div class="clearBoth"></div>                                                      <div class="productQuantityArea">                                                                                                                                <div class="addToBasketUnit">                                                                      <div class="unitsTextBoxArea">                                                                                                                                                <input name="unitsToAdd" class="item_qty unitsTextBox" type="text" value="1" maxlength="3">                                                                                                                                            </div>                                                                      <div class="addRemoveUnits">                                                                                                                                                        <div class="addUnits "><input class="increase-ItemQuantityWithOutUpdate" type="button" title="Add"></div>                                                                              <div class="removeUnits"><input class="decrease-ItemQuantityWithOutUpdate" type="button" title="Remove"></div>                                                                                                                                </div>                                                          </div>                                                            <div class="productActionButtonsArea _addToListBtnWrapper ecsf_add_product_to_shopping_list">                                                              <div class="reserveButtonContainer actionButtonArea">                                                                                                                                                                                                                  <div class="reserveButton ecsf_QuerySuggestions _showNotLoggedPopup">Reservar</div>                                                                                                                                                                                                                          </div>                                                                          <div class="actionButtonArea">                                                                              <div class="buttonLeftBorder"></div>                                                                                                                                                                                                                                                                                                                                                <input class="button add-ToBasket anonBasket ecsf_QuerySuggestions" type="button" name="AddToBasket" value="Carrinho">                                                                                                                                                                                                                                                                                                                                                                                                                  <div class="buttonRightBorder"></div>                                                                      </div>                                                                      <div class="actionButtonArea last">                                                                          <div class="grayButtonLeftBorder"></div>                                                                                                                                                        <input class="grayButton ecsf_QuerySuggestions _showNotLoggedPopup" type="button" name="List" value="Lista">                                                                                                                                                <div class="grayButtonRightBorder"></div>                                                                  </div>                                                                </div>                                                                                                              </div>                                                          </div>                                                            <div class="clearBoth"></div>                                                                                                                                              </div>                              </div>                                                                                     <div class="productItem last">                                                            <div class="productBox basketWrapper Continente ecsf_product_icons ecsf_add_product_to_basket">        <input class="IsAlreadyInBasket" type="hidden" value="false">        <input class="item_pid" type="hidden" value="4879598(eCsf_RetekProductCatalog_MegastoreContinenteOnline_Continente)">      <input class="item_variantId" type="hidden" value="">      <input class="item_originalSalesUnit" type="hidden" value="Unit">      <input class="item_channelId" type="hidden" value="1">      <input class="item_unitConversionRate" type="hidden" value="">      <input class="item_listPrice" type="hidden" value="4.79">      <input class="item_requestedSalesUnit" type="hidden" value="Unit">      <input class="item_originalAlternativeSalesUnit" type="hidden" value="" name="originalAlternativeSalesUnit">      <input class="AvailabilityInDays" type="hidden" value="0">        <input class="IsInPromotion" type="hidden" value="false">      <input class="DeferredDelivery" type="hidden" value="0">      <input class="RelatedProductsAggregated" type="hidden" value="">        <input class="HasABuyXGetYFreeDiscount" type="hidden" value="false">      <!--<input _tmplitem="57"  class="IsOwnBrandProduct" type="hidden" value="false"/>      <input _tmplitem="57"  class="IsOwnBrandSelectedProduct" type="hidden" value="false"/>      <input _tmplitem="57"  class="IsAManufacturerClubProduct" type="hidden" value="false"/>      <input _tmplitem="57"  class="IsATopTenProduct" type="hidden" value="false"/>      <input _tmplitem="57"  class="IsAGourmetProduct" type="hidden" value="false"/>      <input _tmplitem="57"  class="IsABiologicProduct" type="hidden" value="false"/>      <input _tmplitem="57"  class="IsANationalProduct" type="hidden" value="false"/>      <input _tmplitem="57"  class="IsAGlutenFreeProduct" type="hidden" value="false"/>      <input _tmplitem="57"  class="IsALactoseFreeProduct" type="hidden" value="false"/>      <input _tmplitem="57"  class="IsANewProduct" type="hidden" value="false"/>      <input _tmplitem="57"  class="IsInPromotion" type="hidden" value="false"/>      <input _tmplitem="57"  class="IsATopTenProduct" type="hidden" value="false"/>      <input _tmplitem="57"  class="IsADonationEnabledProduct" type="hidden" value="false"/>      <input _tmplitem="57"  class="IsACheapProduct" type="hidden" value="false"/>      <input _tmplitem="57"  class="IsAnExclusiveProduct" type="hidden" value="false"/>-->        <input class="ItemLevelDiscountAmount" type="hidden" value="">      <input class="ItemLevelLoyaltyDiscountAmount" type="hidden" value="">        <input class="HasWebDiscounts" type="hidden" value="false">      <input class="WebDiscountStartDate" type="hidden" value="Mon Jul 14 2014 01:01:01 GMT+0100 (Western European Summer Time)">      <input class="WebDiscountEndDate" type="hidden" value="Tue Jul 22 2014 00:59:59 GMT+0100 (Western European Summer Time)">      <input class="WebDiscountValue" type="hidden" value="25">      <input class="WebDiscountIcon" type="hidden" value="superPriceIcon">      <input class="WebDiscountQuantity" type="hidden" value="">      <input class="HasRetekDiscounts" type="hidden" value="false">      <input class="RetekDiscountStartDate" type="hidden" value="Tue Aug 14 2018 01:00:00 GMT+0100 (Western European Summer Time)">      <input class="RetekDiscountEndDate" type="hidden" value="Tue Aug 21 2018 00:59:59 GMT+0100 (Western European Summer Time)">      <input class="WebDiscountType" type="hidden" value="Percentage">      <input class="RetekDiscountValue" type="hidden" value="15.0000">      <input class="RetekDiscountIcon" type="hidden" value="superPriceIcon">      <input class="RetekDiscountType" type="hidden" value="Percentage">        <input class="HasIsolateShipment" type="hidden" value="">      <input class="HasTaxFree" type="hidden" value="">      <input class="HasCashcardPaymentNotAvailable" type="hidden" value="">      <input class="HasProductGift" type="hidden" value="">      <input class="HasGift" type="hidden" value="">      <input class="HasMoreDetail" type="hidden" value="">        <input class="OriginalListPriceTax" type="hidden" value="0.2711">      <input class="OriginalListPrice" type="hidden" value="4.79">      <input class="PriceCapacityRatioTax" type="hidden" value="11.2972">      <input class="PriceCapacityRatio" type="hidden" value="199.583328">      <input class="WebDiscountValueTax" type="hidden" value="0.0">      <input class="RetekDiscountValueTax" type="hidden" value="0.0">      <input class="InventoryCondition" type="hidden" value="0">        <input class="MaxNumberOfUnitsPerSale" type="hidden" value="50">      <input class="MinNumberOfUnitsPerSale" type="hidden" value="1">                                                                                                                                      <input class="showPricesWithTax" type="hidden" value="true">              <input class="pIcons" type="hidden" value="00000000000000000000">    <div class="productBoxTop">        <div class="containerImage">          <div class="image">                        <a href="https://www.continente.pt/stores/continente/pt-pt/public/Pages/ProductDetail.aspx?ProductId=4879598(eCsf_RetekProductCatalog_MegastoreContinenteOnline_Continente)&amp;refiner=%23%2F%3Fpl%3D40" class="ecsf_QuerySuggestions">                                        <img class="lazy" width="150" heigh="150" data-original="https://media.continente.pt/Sonae.eGlobal.Presentation.Web.Media/media.axd?resourceSearchType=2&amp;resource=ProductId=4879598(eCsf$RetekProductCatalog$MegastoreContinenteOnline$Continente)&amp;siteId=1&amp;channelId=1&amp;width=150&amp;height=150&amp;defaultOptions=1" src="https://media.continente.pt/Sonae.eGlobal.Presentation.Web.Media/media.axd?resourceSearchType=2&amp;resource=ProductId=4879598(eCsf$RetekProductCatalog$MegastoreContinenteOnline$Continente)&amp;siteId=1&amp;channelId=1&amp;width=150&amp;height=150&amp;defaultOptions=1" alt="Cardamomo Grão Frasco" style="display: inline;">                                </a>                                                  </div>          <div class="discountIcon productIcons">            <div class="largeIcon">              <div class="productDiscountLargeIcon">                                  </div>            </div>                      </div>      </div>      <div class="clearBoth"></div>      <div class="containerDescription">          <div class="title">                                <a class="ecsf_QuerySuggestions" href="https://www.continente.pt/stores/continente/pt-pt/public/Pages/ProductDetail.aspx?ProductId=4879598(eCsf_RetekProductCatalog_MegastoreContinenteOnline_Continente)&amp;refiner=%23%2F%3Fpl%3D40" title="Cardamomo Grão Frasco">Cardamomo Grão Frasco</a>                        </div>          <div class="type">Margão</div>          <div class="subTitle">                            emb. 24 gr                                </div>              </div>                <div class="containerPrice">                                 <div class="standardPriceContainer-selector">                       <div class="priceFirstRow">                      €                  4,79                                        <span> /un</span>              </div>                                              <div class="priceSecondRow">                          €                                                                                        199,58                                                                                                                                                       <span> /kg</span>                              </div>                                                                        </div>                                           <div class="containerPriceQuantity containerPriceQuantity-selector">                                              <div class="title">Desconto em quantidade</div>                                              <div class="optionsTable">                                                  <div class="optionRow">                                                      <div class="columnLeft"><span class="quantityOverThreshold-selector"></span></div>                                                      <div class="columnRight"><span class="priceWithDiscountOverThreshold-selector"></span></div>                                                  </div>                                                  <div class="optionRow">                                                      <div class="columnLeft"><span class="quantityUnderThreshold-selector"></span></div>                                                      <div class="columnRight"><span class="priceWithDiscountUnderThreshold-selector"></span></div>                                                  </div>                                              </div>                                          </div>                                                                                    </div>                                          <div class="clearBoth"></div>                                          <div class="productIcons containerIcons">                                                                                        <div class="icons">                                                  <div class="icon">                                                  <div class="productIconWithMeasure"></div>                                                </div>                                                <div class="icon ">                                                  <div class="productIconWithMeasure"></div>                                                </div>                                              </div>                                                                                                                      <div class="discountMessage">                                                              <!-- Discounts original (esta classe deve existir para que o ícone grande funcione) -->                                                              <div class="discountCard" style="display:none">                                                                  <div class="productIcon continenteCard"></div>                                                                  <div class="cardDiscountText">                                                                      <span class="iconDiscountText"></span>                                                                      <span class="discountType Value" style="display:none">                                                                          €                                                          </span>                                                          <span class="discountValue"></span>                                                          <span class="discountType Percentage" style="display:none">                                                              %                                                          </span>                                                      </div>                                                  </div>                                              </div>                                                                                                                                                                                </div>                                                      <div class="clearBoth"></div>                                                      <div class="productQuantityArea">                                                                                                                                <div class="addToBasketUnit">                                                                      <div class="unitsTextBoxArea">                                                                                                                                                <input name="unitsToAdd" class="item_qty unitsTextBox" type="text" value="1" maxlength="3">                                                                                                                                            </div>                                                                      <div class="addRemoveUnits">                                                                                                                                                        <div class="addUnits "><input class="increase-ItemQuantityWithOutUpdate" type="button" title="Add"></div>                                                                              <div class="removeUnits"><input class="decrease-ItemQuantityWithOutUpdate" type="button" title="Remove"></div>                                                                                                                                </div>                                                          </div>                                                            <div class="productActionButtonsArea _addToListBtnWrapper ecsf_add_product_to_shopping_list">                                                              <div class="reserveButtonContainer actionButtonArea">                                                                                                                                                                                                                  <div class="reserveButton ecsf_QuerySuggestions _showNotLoggedPopup">Reservar</div>                                                                                                                                                                                                                          </div>                                                                          <div class="actionButtonArea">                                                                              <div class="buttonLeftBorder"></div>                                                                                                                                                                                                                                                                                                                                                <input class="button add-ToBasket anonBasket ecsf_QuerySuggestions" type="button" name="AddToBasket" value="Carrinho">                                                                                                                                                                                                                                                                                                                                                                                                                  <div class="buttonRightBorder"></div>                                                                      </div>                                                                      <div class="actionButtonArea last">                                                                          <div class="grayButtonLeftBorder"></div>                                                                                                                                                        <input class="grayButton ecsf_QuerySuggestions _showNotLoggedPopup" type="button" name="List" value="Lista">                                                                                                                                                <div class="grayButtonRightBorder"></div>                                                                  </div>                                                                </div>                                                                                                              </div>                                                          </div>                                                            <div class="clearBoth"></div>                                                                                                                                              </div>                              </div>                                                                                     <div class="productItem">                                                            <div class="productBox basketWrapper Continente ecsf_product_icons ecsf_add_product_to_basket">        <input class="IsAlreadyInBasket" type="hidden" value="false">        <input class="item_pid" type="hidden" value="2505418(eCsf_RetekProductCatalog_MegastoreContinenteOnline_Continente)">      <input class="item_variantId" type="hidden" value="">      <input class="item_originalSalesUnit" type="hidden" value="Unit">      <input class="item_channelId" type="hidden" value="1">      <input class="item_unitConversionRate" type="hidden" value="0.0">      <input class="item_listPrice" type="hidden" value="2.39">      <input class="item_requestedSalesUnit" type="hidden" value="Unit">      <input class="item_originalAlternativeSalesUnit" type="hidden" value="" name="originalAlternativeSalesUnit">      <input class="AvailabilityInDays" type="hidden" value="0">        <input class="IsInPromotion" type="hidden" value="false">      <input class="DeferredDelivery" type="hidden" value="0">      <input class="RelatedProductsAggregated" type="hidden" value="">        <input class="HasABuyXGetYFreeDiscount" type="hidden" value="false">      <!--<input _tmplitem="58"  class="IsOwnBrandProduct" type="hidden" value="false"/>      <input _tmplitem="58"  class="IsOwnBrandSelectedProduct" type="hidden" value="false"/>      <input _tmplitem="58"  class="IsAManufacturerClubProduct" type="hidden" value="false"/>      <input _tmplitem="58"  class="IsATopTenProduct" type="hidden" value="false"/>      <input _tmplitem="58"  class="IsAGourmetProduct" type="hidden" value="false"/>      <input _tmplitem="58"  class="IsABiologicProduct" type="hidden" value="false"/>      <input _tmplitem="58"  class="IsANationalProduct" type="hidden" value="false"/>      <input _tmplitem="58"  class="IsAGlutenFreeProduct" type="hidden" value="false"/>      <input _tmplitem="58"  class="IsALactoseFreeProduct" type="hidden" value="false"/>      <input _tmplitem="58"  class="IsANewProduct" type="hidden" value="false"/>      <input _tmplitem="58"  class="IsInPromotion" type="hidden" value="false"/>      <input _tmplitem="58"  class="IsATopTenProduct" type="hidden" value="false"/>      <input _tmplitem="58"  class="IsADonationEnabledProduct" type="hidden" value="false"/>      <input _tmplitem="58"  class="IsACheapProduct" type="hidden" value="false"/>      <input _tmplitem="58"  class="IsAnExclusiveProduct" type="hidden" value="false"/>-->        <input class="ItemLevelDiscountAmount" type="hidden" value="">      <input class="ItemLevelLoyaltyDiscountAmount" type="hidden" value="">        <input class="HasWebDiscounts" type="hidden" value="false">      <input class="WebDiscountStartDate" type="hidden" value="Mon Jul 14 2014 01:01:01 GMT+0100 (Western European Summer Time)">      <input class="WebDiscountEndDate" type="hidden" value="Tue Jul 22 2014 00:59:59 GMT+0100 (Western European Summer Time)">      <input class="WebDiscountValue" type="hidden" value="25">      <input class="WebDiscountIcon" type="hidden" value="superPriceIcon">      <input class="WebDiscountQuantity" type="hidden" value="">      <input class="HasRetekDiscounts" type="hidden" value="false">      <input class="RetekDiscountStartDate" type="hidden" value="Tue Aug 14 2018 01:00:00 GMT+0100 (Western European Summer Time)">      <input class="RetekDiscountEndDate" type="hidden" value="Tue Aug 21 2018 00:59:59 GMT+0100 (Western European Summer Time)">      <input class="WebDiscountType" type="hidden" value="Percentage">      <input class="RetekDiscountValue" type="hidden" value="15.0000">      <input class="RetekDiscountIcon" type="hidden" value="superPriceIcon">      <input class="RetekDiscountType" type="hidden" value="Percentage">        <input class="HasIsolateShipment" type="hidden" value="">      <input class="HasTaxFree" type="hidden" value="">      <input class="HasCashcardPaymentNotAvailable" type="hidden" value="">      <input class="HasProductGift" type="hidden" value="">      <input class="HasGift" type="hidden" value="">      <input class="HasMoreDetail" type="hidden" value="">        <input class="OriginalListPriceTax" type="hidden" value="0.1353">      <input class="OriginalListPrice" type="hidden" value="2.39">      <input class="PriceCapacityRatioTax" type="hidden" value="3.8652">      <input class="PriceCapacityRatio" type="hidden" value="68.28571">      <input class="WebDiscountValueTax" type="hidden" value="0.0">      <input class="RetekDiscountValueTax" type="hidden" value="0.0">      <input class="InventoryCondition" type="hidden" value="0">        <input class="MaxNumberOfUnitsPerSale" type="hidden" value="50">      <input class="MinNumberOfUnitsPerSale" type="hidden" value="1">                                                                                                                                      <input class="showPricesWithTax" type="hidden" value="true">              <input class="pIcons" type="hidden" value="00000000000000000000">    <div class="productBoxTop">        <div class="containerImage">          <div class="image">                        <a href="https://www.continente.pt/stores/continente/pt-pt/public/Pages/ProductDetail.aspx?ProductId=2505418(eCsf_RetekProductCatalog_MegastoreContinenteOnline_Continente)&amp;refiner=%23%2F%3Fpl%3D40" class="ecsf_QuerySuggestions">                                        <img class="lazy" width="150" heigh="150" data-original="https://media.continente.pt/Sonae.eGlobal.Presentation.Web.Media/media.axd?resourceSearchType=2&amp;resource=ProductId=2505418(eCsf$RetekProductCatalog$MegastoreContinenteOnline$Continente)&amp;siteId=1&amp;channelId=1&amp;width=150&amp;height=150&amp;defaultOptions=1" src="https://media.continente.pt/Sonae.eGlobal.Presentation.Web.Media/media.axd?resourceSearchType=2&amp;resource=ProductId=2505418(eCsf$RetekProductCatalog$MegastoreContinenteOnline$Continente)&amp;siteId=1&amp;channelId=1&amp;width=150&amp;height=150&amp;defaultOptions=1" alt="Cravinho Grão" style="display: inline;">                                </a>                                                  </div>          <div class="discountIcon productIcons">            <div class="largeIcon">              <div class="productDiscountLargeIcon">                                  </div>            </div>                      </div>      </div>      <div class="clearBoth"></div>      <div class="containerDescription">          <div class="title">                                <a class="ecsf_QuerySuggestions" href="https://www.continente.pt/stores/continente/pt-pt/public/Pages/ProductDetail.aspx?ProductId=2505418(eCsf_RetekProductCatalog_MegastoreContinenteOnline_Continente)&amp;refiner=%23%2F%3Fpl%3D40" title="Cravinho Grão">Cravinho Grão</a>                        </div>          <div class="type">Margão</div>          <div class="subTitle">                            emb. 35 gr                                </div>              </div>                <div class="containerPrice">                                 <div class="standardPriceContainer-selector">                       <div class="priceFirstRow">                      €                  2,39                                        <span> /un</span>              </div>                                              <div class="priceSecondRow">                          €                                                                                        68,29                                                                                                                                                       <span> /kg</span>                              </div>                                                                        </div>                                           <div class="containerPriceQuantity containerPriceQuantity-selector">                                              <div class="title">Desconto em quantidade</div>                                              <div class="optionsTable">                                                  <div class="optionRow">                                                      <div class="columnLeft"><span class="quantityOverThreshold-selector"></span></div>                                                      <div class="columnRight"><span class="priceWithDiscountOverThreshold-selector"></span></div>                                                  </div>                                                  <div class="optionRow">                                                      <div class="columnLeft"><span class="quantityUnderThreshold-selector"></span></div>                                                      <div class="columnRight"><span class="priceWithDiscountUnderThreshold-selector"></span></div>                                                  </div>                                              </div>                                          </div>                                                                                    </div>                                          <div class="clearBoth"></div>                                          <div class="productIcons containerIcons">                                                                                        <div class="icons">                                                  <div class="icon">                                                  <div class="productIconWithMeasure"></div>                                                </div>                                                <div class="icon ">                                                  <div class="productIconWithMeasure"></div>                                                </div>                                              </div>                                                                                                                      <div class="discountMessage">                                                              <!-- Discounts original (esta classe deve existir para que o ícone grande funcione) -->                                                              <div class="discountCard" style="display:none">                                                                  <div class="productIcon continenteCard"></div>                                                                  <div class="cardDiscountText">                                                                      <span class="iconDiscountText"></span>                                                                      <span class="discountType Value" style="display:none">                                                                          €                                                          </span>                                                          <span class="discountValue"></span>                                                          <span class="discountType Percentage" style="display:none">                                                              %                                                          </span>                                                      </div>                                                  </div>                                              </div>                                                                                                                                                                                </div>                                                      <div class="clearBoth"></div>                                                      <div class="productQuantityArea">                                                                                                                                <div class="addToBasketUnit">                                                                      <div class="unitsTextBoxArea">                                                                                                                                                <input name="unitsToAdd" class="item_qty unitsTextBox" type="text" value="1" maxlength="3">                                                                                                                                            </div>                                                                      <div class="addRemoveUnits">                                                                                                                                                        <div class="addUnits "><input class="increase-ItemQuantityWithOutUpdate" type="button" title="Add"></div>                                                                              <div class="removeUnits"><input class="decrease-ItemQuantityWithOutUpdate" type="button" title="Remove"></div>                                                                                                                                </div>                                                          </div>                                                            <div class="productActionButtonsArea _addToListBtnWrapper ecsf_add_product_to_shopping_list">                                                              <div class="reserveButtonContainer actionButtonArea">                                                                                                                                                                                                                  <div class="reserveButton ecsf_QuerySuggestions _showNotLoggedPopup">Reservar</div>                                                                                                                                                                                                                          </div>                                                                          <div class="actionButtonArea">                                                                              <div class="buttonLeftBorder"></div>                                                                                                                                                                                                                                                                                                                                                <input class="button add-ToBasket anonBasket ecsf_QuerySuggestions" type="button" name="AddToBasket" value="Carrinho">                                                                                                                                                                                                                                                                                                                                                                                                                  <div class="buttonRightBorder"></div>                                                                      </div>                                                                      <div class="actionButtonArea last">                                                                          <div class="grayButtonLeftBorder"></div>                                                                                                                                                        <input class="grayButton ecsf_QuerySuggestions _showNotLoggedPopup" type="button" name="List" value="Lista">                                                                                                                                                <div class="grayButtonRightBorder"></div>                                                                  </div>                                                                </div>                                                                                                              </div>                                                          </div>                                                            <div class="clearBoth"></div>                                                                                                                                              </div>                              </div>                                                                                     <div class="productItem">                                                            <div class="productBox basketWrapper Continente ecsf_product_icons ecsf_add_product_to_basket">        <input class="IsAlreadyInBasket" type="hidden" value="false">        <input class="item_pid" type="hidden" value="4026566(eCsf_RetekProductCatalog_MegastoreContinenteOnline_Continente)">      <input class="item_variantId" type="hidden" value="">      <input class="item_originalSalesUnit" type="hidden" value="Unit">      <input class="item_channelId" type="hidden" value="1">      <input class="item_unitConversionRate" type="hidden" value="">      <input class="item_listPrice" type="hidden" value="2.29">      <input class="item_requestedSalesUnit" type="hidden" value="Unit">      <input class="item_originalAlternativeSalesUnit" type="hidden" value="" name="originalAlternativeSalesUnit">      <input class="AvailabilityInDays" type="hidden" value="0">        <input class="IsInPromotion" type="hidden" value="false">      <input class="DeferredDelivery" type="hidden" value="0">      <input class="RelatedProductsAggregated" type="hidden" value="">        <input class="HasABuyXGetYFreeDiscount" type="hidden" value="false">      <!--<input _tmplitem="59"  class="IsOwnBrandProduct" type="hidden" value="false"/>      <input _tmplitem="59"  class="IsOwnBrandSelectedProduct" type="hidden" value="false"/>      <input _tmplitem="59"  class="IsAManufacturerClubProduct" type="hidden" value="false"/>      <input _tmplitem="59"  class="IsATopTenProduct" type="hidden" value="false"/>      <input _tmplitem="59"  class="IsAGourmetProduct" type="hidden" value="false"/>      <input _tmplitem="59"  class="IsABiologicProduct" type="hidden" value="false"/>      <input _tmplitem="59"  class="IsANationalProduct" type="hidden" value="false"/>      <input _tmplitem="59"  class="IsAGlutenFreeProduct" type="hidden" value="false"/>      <input _tmplitem="59"  class="IsALactoseFreeProduct" type="hidden" value="false"/>      <input _tmplitem="59"  class="IsANewProduct" type="hidden" value="false"/>      <input _tmplitem="59"  class="IsInPromotion" type="hidden" value="false"/>      <input _tmplitem="59"  class="IsATopTenProduct" type="hidden" value="false"/>      <input _tmplitem="59"  class="IsADonationEnabledProduct" type="hidden" value="false"/>      <input _tmplitem="59"  class="IsACheapProduct" type="hidden" value="false"/>      <input _tmplitem="59"  class="IsAnExclusiveProduct" type="hidden" value="false"/>-->        <input class="ItemLevelDiscountAmount" type="hidden" value="">      <input class="ItemLevelLoyaltyDiscountAmount" type="hidden" value="">        <input class="HasWebDiscounts" type="hidden" value="false">      <input class="WebDiscountStartDate" type="hidden" value="">      <input class="WebDiscountEndDate" type="hidden" value="">      <input class="WebDiscountValue" type="hidden" value="">      <input class="WebDiscountIcon" type="hidden" value="">      <input class="WebDiscountQuantity" type="hidden" value="">      <input class="HasRetekDiscounts" type="hidden" value="false">      <input class="RetekDiscountStartDate" type="hidden" value="Wed Jul 12 2017 01:00:00 GMT+0100 (Western European Summer Time)">      <input class="RetekDiscountEndDate" type="hidden" value="Tue Jul 18 2017 00:59:59 GMT+0100 (Western European Summer Time)">      <input class="WebDiscountType" type="hidden" value="">      <input class="RetekDiscountValue" type="hidden" value="25.0000">      <input class="RetekDiscountIcon" type="hidden" value="superPriceIcon">      <input class="RetekDiscountType" type="hidden" value="Percentage">        <input class="HasIsolateShipment" type="hidden" value="">      <input class="HasTaxFree" type="hidden" value="">      <input class="HasCashcardPaymentNotAvailable" type="hidden" value="">      <input class="HasProductGift" type="hidden" value="">      <input class="HasGift" type="hidden" value="">      <input class="HasMoreDetail" type="hidden" value="">        <input class="OriginalListPriceTax" type="hidden" value="0.1296">      <input class="OriginalListPrice" type="hidden" value="2.29">      <input class="PriceCapacityRatioTax" type="hidden" value="5.6360">      <input class="PriceCapacityRatio" type="hidden" value="99.57">      <input class="WebDiscountValueTax" type="hidden" value="0.0">      <input class="RetekDiscountValueTax" type="hidden" value="0.0">      <input class="InventoryCondition" type="hidden" value="0">        <input class="MaxNumberOfUnitsPerSale" type="hidden" value="50">      <input class="MinNumberOfUnitsPerSale" type="hidden" value="1">                                                                                                                                      <input class="showPricesWithTax" type="hidden" value="true">              <input class="pIcons" type="hidden" value="00000000000000000000">    <div class="productBoxTop">        <div class="containerImage">          <div class="image">                        <a href="https://www.continente.pt/stores/continente/pt-pt/public/Pages/ProductDetail.aspx?ProductId=4026566(eCsf_RetekProductCatalog_MegastoreContinenteOnline_Continente)&amp;refiner=%23%2F%3Fpl%3D40" class="ecsf_QuerySuggestions">                                        <img class="lazy" width="150" heigh="150" data-original="https://media.continente.pt/Sonae.eGlobal.Presentation.Web.Media/media.axd?resourceSearchType=2&amp;resource=ProductId=4026566(eCsf$RetekProductCatalog$MegastoreContinenteOnline$Continente)&amp;siteId=1&amp;channelId=1&amp;width=150&amp;height=150&amp;defaultOptions=1" src="https://media.continente.pt/Sonae.eGlobal.Presentation.Web.Media/media.axd?resourceSearchType=2&amp;resource=ProductId=4026566(eCsf$RetekProductCatalog$MegastoreContinenteOnline$Continente)&amp;siteId=1&amp;channelId=1&amp;width=150&amp;height=150&amp;defaultOptions=1" alt="Cravinho Grão" style="display: inline;">                                </a>                                                  </div>          <div class="discountIcon productIcons">            <div class="largeIcon">              <div class="productDiscountLargeIcon">                                  </div>            </div>                      </div>      </div>      <div class="clearBoth"></div>      <div class="containerDescription">          <div class="title">                                <a class="ecsf_QuerySuggestions" href="https://www.continente.pt/stores/continente/pt-pt/public/Pages/ProductDetail.aspx?ProductId=4026566(eCsf_RetekProductCatalog_MegastoreContinenteOnline_Continente)&amp;refiner=%23%2F%3Fpl%3D40" title="Cravinho Grão">Cravinho Grão</a>                        </div>          <div class="type">Margão</div>          <div class="subTitle">                            emb. 23 gr                                </div>              </div>                <div class="containerPrice">                                 <div class="standardPriceContainer-selector">                       <div class="priceFirstRow">                      €                  2,29                                        <span> /un</span>              </div>                                              <div class="priceSecondRow">                          €                                                                                        99,57                                                                                                                                                       <span> /kg</span>                              </div>                                                                        </div>                                           <div class="containerPriceQuantity containerPriceQuantity-selector" style="display: none;">                                              <div class="title">Desconto em quantidade</div>                                              <div class="optionsTable">                                                  <div class="optionRow">                                                      <div class="columnLeft"><span class="quantityOverThreshold-selector"></span></div>                                                      <div class="columnRight"><span class="priceWithDiscountOverThreshold-selector"></span></div>                                                  </div>                                                  <div class="optionRow">                                                      <div class="columnLeft"><span class="quantityUnderThreshold-selector"></span></div>                                                      <div class="columnRight"><span class="priceWithDiscountUnderThreshold-selector"></span></div>                                                  </div>                                              </div>                                          </div>                                                                                    </div>                                          <div class="clearBoth"></div>                                          <div class="productIcons containerIcons">                                                                                        <div class="icons">                                                  <div class="icon">                                                  <div class="productIconWithMeasure"></div>                                                </div>                                                <div class="icon ">                                                  <div class="productIconWithMeasure"></div>                                                </div>                                              </div>                                                                                                                      <div class="discountMessage">                                                              <!-- Discounts original (esta classe deve existir para que o ícone grande funcione) -->                                                              <div class="discountCard" style="display:none">                                                                  <div class="productIcon continenteCard"></div>                                                                  <div class="cardDiscountText">                                                                      <span class="iconDiscountText"></span>                                                                      <span class="discountType Value" style="display:none">                                                                          €                                                          </span>                                                          <span class="discountValue"></span>                                                          <span class="discountType Percentage" style="display:none">                                                              %                                                          </span>                                                      </div>                                                  </div>                                              </div>                                                                                                                                                                                </div>                                                      <div class="clearBoth"></div>                                                      <div class="productQuantityArea">                                                                                                                                <div class="addToBasketUnit">                                                                      <div class="unitsTextBoxArea">                                                                                                                                                <input name="unitsToAdd" class="item_qty unitsTextBox" type="text" value="1" maxlength="3">                                                                                                                                            </div>                                                                      <div class="addRemoveUnits">                                                                                                                                                        <div class="addUnits "><input class="increase-ItemQuantityWithOutUpdate" type="button" title="Add"></div>                                                                              <div class="removeUnits"><input class="decrease-ItemQuantityWithOutUpdate" type="button" title="Remove"></div>                                                                                                                                </div>                                                          </div>                                                            <div class="productActionButtonsArea _addToListBtnWrapper ecsf_add_product_to_shopping_list">                                                              <div class="reserveButtonContainer actionButtonArea">                                                                                                                                                                                                                  <div class="reserveButton ecsf_QuerySuggestions _showNotLoggedPopup">Reservar</div>                                                                                                                                                                                                                          </div>                                                                          <div class="actionButtonArea">                                                                              <div class="buttonLeftBorder"></div>                                                                                                                                                                                                                                                                                                                                                <input class="button add-ToBasket anonBasket ecsf_QuerySuggestions" type="button" name="AddToBasket" value="Carrinho">                                                                                                                                                                                                                                                                                                                                                                                                                  <div class="buttonRightBorder"></div>                                                                      </div>                                                                      <div class="actionButtonArea last">                                                                          <div class="grayButtonLeftBorder"></div>                                                                                                                                                        <input class="grayButton ecsf_QuerySuggestions _showNotLoggedPopup" type="button" name="List" value="Lista">                                                                                                                                                <div class="grayButtonRightBorder"></div>                                                                  </div>                                                                </div>                                                                                                              </div>                                                          </div>                                                            <div class="clearBoth"></div>                                                                                                                                              </div>                              </div>                                                                                     <div class="productItem">                                                            <div class="productBox basketWrapper Continente ecsf_product_icons ecsf_add_product_to_basket">        <input class="IsAlreadyInBasket" type="hidden" value="false">        <input class="item_pid" type="hidden" value="5274122(eCsf_RetekProductCatalog_MegastoreContinenteOnline_Continente)">      <input class="item_variantId" type="hidden" value="">      <input class="item_originalSalesUnit" type="hidden" value="Unit">      <input class="item_channelId" type="hidden" value="1">      <input class="item_unitConversionRate" type="hidden" value="0.0">      <input class="item_listPrice" type="hidden" value="1.99">      <input class="item_requestedSalesUnit" type="hidden" value="Unit">      <input class="item_originalAlternativeSalesUnit" type="hidden" value="" name="originalAlternativeSalesUnit">      <input class="AvailabilityInDays" type="hidden" value="0">        <input class="IsInPromotion" type="hidden" value="false">      <input class="DeferredDelivery" type="hidden" value="0">      <input class="RelatedProductsAggregated" type="hidden" value="">        <input class="HasABuyXGetYFreeDiscount" type="hidden" value="false">      <!--<input _tmplitem="60"  class="IsOwnBrandProduct" type="hidden" value="false"/>      <input _tmplitem="60"  class="IsOwnBrandSelectedProduct" type="hidden" value="false"/>      <input _tmplitem="60"  class="IsAManufacturerClubProduct" type="hidden" value="false"/>      <input _tmplitem="60"  class="IsATopTenProduct" type="hidden" value="false"/>      <input _tmplitem="60"  class="IsAGourmetProduct" type="hidden" value="false"/>      <input _tmplitem="60"  class="IsABiologicProduct" type="hidden" value="false"/>      <input _tmplitem="60"  class="IsANationalProduct" type="hidden" value="false"/>      <input _tmplitem="60"  class="IsAGlutenFreeProduct" type="hidden" value="false"/>      <input _tmplitem="60"  class="IsALactoseFreeProduct" type="hidden" value="false"/>      <input _tmplitem="60"  class="IsANewProduct" type="hidden" value="false"/>      <input _tmplitem="60"  class="IsInPromotion" type="hidden" value="false"/>      <input _tmplitem="60"  class="IsATopTenProduct" type="hidden" value="false"/>      <input _tmplitem="60"  class="IsADonationEnabledProduct" type="hidden" value="false"/>      <input _tmplitem="60"  class="IsACheapProduct" type="hidden" value="false"/>      <input _tmplitem="60"  class="IsAnExclusiveProduct" type="hidden" value="false"/>-->        <input class="ItemLevelDiscountAmount" type="hidden" value="">      <input class="ItemLevelLoyaltyDiscountAmount" type="hidden" value="">        <input class="HasWebDiscounts" type="hidden" value="false">      <input class="WebDiscountStartDate" type="hidden" value="">      <input class="WebDiscountEndDate" type="hidden" value="">      <input class="WebDiscountValue" type="hidden" value="">      <input class="WebDiscountIcon" type="hidden" value="">      <input class="WebDiscountQuantity" type="hidden" value="">      <input class="HasRetekDiscounts" type="hidden" value="false">      <input class="RetekDiscountStartDate" type="hidden" value="Tue Sep 06 2016 01:00:00 GMT+0100 (Western European Summer Time)">      <input class="RetekDiscountEndDate" type="hidden" value="Tue Sep 13 2016 00:59:59 GMT+0100 (Western European Summer Time)">      <input class="WebDiscountType" type="hidden" value="">      <input class="RetekDiscountValue" type="hidden" value="25.0000">      <input class="RetekDiscountIcon" type="hidden" value="superPriceIcon">      <input class="RetekDiscountType" type="hidden" value="Percentage">        <input class="HasIsolateShipment" type="hidden" value="">      <input class="HasTaxFree" type="hidden" value="">      <input class="HasCashcardPaymentNotAvailable" type="hidden" value="">      <input class="HasProductGift" type="hidden" value="">      <input class="HasGift" type="hidden" value="">      <input class="HasMoreDetail" type="hidden" value="">        <input class="OriginalListPriceTax" type="hidden" value="0.3721">      <input class="OriginalListPrice" type="hidden" value="1.99">      <input class="PriceCapacityRatioTax" type="hidden" value="4.8319">      <input class="PriceCapacityRatio" type="hidden" value="25.84">      <input class="WebDiscountValueTax" type="hidden" value="0.0">      <input class="RetekDiscountValueTax" type="hidden" value="0.0">      <input class="InventoryCondition" type="hidden" value="0">        <input class="MaxNumberOfUnitsPerSale" type="hidden" value="50">      <input class="MinNumberOfUnitsPerSale" type="hidden" value="1">                                                                                                                                      <input class="showPricesWithTax" type="hidden" value="true">              <input class="pIcons" type="hidden" value="00000000000000000000">    <div class="productBoxTop">        <div class="containerImage">          <div class="image">                        <a href="https://www.continente.pt/stores/continente/pt-pt/public/Pages/ProductDetail.aspx?ProductId=5274122(eCsf_RetekProductCatalog_MegastoreContinenteOnline_Continente)&amp;refiner=%23%2F%3Fpl%3D40" class="ecsf_QuerySuggestions">                                        <img class="lazy" width="150" heigh="150" data-original="https://media.continente.pt/Sonae.eGlobal.Presentation.Web.Media/media.axd?resourceSearchType=2&amp;resource=ProductId=5274122(eCsf$RetekProductCatalog$MegastoreContinenteOnline$Continente)&amp;siteId=1&amp;channelId=1&amp;width=150&amp;height=150&amp;defaultOptions=1" src="https://media.continente.pt/Sonae.eGlobal.Presentation.Web.Media/media.axd?resourceSearchType=2&amp;resource=ProductId=5274122(eCsf$RetekProductCatalog$MegastoreContinenteOnline$Continente)&amp;siteId=1&amp;channelId=1&amp;width=150&amp;height=150&amp;defaultOptions=1" alt="Bicarbonato de Sódio" style="display: inline;">                                </a>                                                  </div>          <div class="discountIcon productIcons">            <div class="largeIcon">              <div class="productDiscountLargeIcon">                                  </div>            </div>                      </div>      </div>      <div class="clearBoth"></div>      <div class="containerDescription">          <div class="title">                                <a class="ecsf_QuerySuggestions" href="https://www.continente.pt/stores/continente/pt-pt/public/Pages/ProductDetail.aspx?ProductId=5274122(eCsf_RetekProductCatalog_MegastoreContinenteOnline_Continente)&amp;refiner=%23%2F%3Fpl%3D40" title="Bicarbonato de Sódio">Bicarbonato de Sódio</a>                        </div>          <div class="type">Margão</div>          <div class="subTitle">                            emb. 77 gr                                </div>              </div>                <div class="containerPrice">                                 <div class="standardPriceContainer-selector">                       <div class="priceFirstRow">                      €                  1,99                                        <span> /un</span>              </div>                                              <div class="priceSecondRow">                          €                                                                                        25,84                                                                                                                                                       <span> /kg</span>                              </div>                                                                        </div>                                           <div class="containerPriceQuantity containerPriceQuantity-selector" style="display: none;">                                              <div class="title">Desconto em quantidade</div>                                              <div class="optionsTable">                                                  <div class="optionRow">                                                      <div class="columnLeft"><span class="quantityOverThreshold-selector"></span></div>                                                      <div class="columnRight"><span class="priceWithDiscountOverThreshold-selector"></span></div>                                                  </div>                                                  <div class="optionRow">                                                      <div class="columnLeft"><span class="quantityUnderThreshold-selector"></span></div>                                                      <div class="columnRight"><span class="priceWithDiscountUnderThreshold-selector"></span></div>                                                  </div>                                              </div>                                          </div>                                                                                    </div>                                          <div class="clearBoth"></div>                                          <div class="productIcons containerIcons">                                                                                        <div class="icons">                                                  <div class="icon">                                                  <div class="productIconWithMeasure"></div>                                                </div>                                                <div class="icon ">                                                  <div class="productIconWithMeasure"></div>                                                </div>                                              </div>                                                                                                                      <div class="discountMessage">                                                              <!-- Discounts original (esta classe deve existir para que o ícone grande funcione) -->                                                              <div class="discountCard" style="display:none">                                                                  <div class="productIcon continenteCard"></div>                                                                  <div class="cardDiscountText">                                                                      <span class="iconDiscountText"></span>                                                                      <span class="discountType Value" style="display:none">                                                                          €                                                          </span>                                                          <span class="discountValue"></span>                                                          <span class="discountType Percentage" style="display:none">                                                              %                                                          </span>                                                      </div>                                                  </div>                                              </div>                                                                                                                                                                                </div>                                                      <div class="clearBoth"></div>                                                      <div class="productQuantityArea">                                                                                                                                <div class="addToBasketUnit">                                                                      <div class="unitsTextBoxArea">                                                                                                                                                <input name="unitsToAdd" class="item_qty unitsTextBox" type="text" value="1" maxlength="3">                                                                                                                                            </div>                                                                      <div class="addRemoveUnits">                                                                                                                                                        <div class="addUnits "><input class="increase-ItemQuantityWithOutUpdate" type="button" title="Add"></div>                                                                              <div class="removeUnits"><input class="decrease-ItemQuantityWithOutUpdate" type="button" title="Remove"></div>                                                                                                                                </div>                                                          </div>                                                            <div class="productActionButtonsArea _addToListBtnWrapper ecsf_add_product_to_shopping_list">                                                              <div class="reserveButtonContainer actionButtonArea">                                                                                                                                                                                                                  <div class="reserveButton ecsf_QuerySuggestions _showNotLoggedPopup">Reservar</div>                                                                                                                                                                                                                          </div>                                                                          <div class="actionButtonArea">                                                                              <div class="buttonLeftBorder"></div>                                                                                                                                                                                                                                                                                                                                                <input class="button add-ToBasket anonBasket ecsf_QuerySuggestions" type="button" name="AddToBasket" value="Carrinho">                                                                                                                                                                                                                                                                                                                                                                                                                  <div class="buttonRightBorder"></div>                                                                      </div>                                                                      <div class="actionButtonArea last">                                                                          <div class="grayButtonLeftBorder"></div>                                                                                                                                                        <input class="grayButton ecsf_QuerySuggestions _showNotLoggedPopup" type="button" name="List" value="Lista">                                                                                                                                                <div class="grayButtonRightBorder"></div>                                                                  </div>                                                                </div>                                                                                                              </div>                                                          </div>                                                            <div class="clearBoth"></div>                                                                                                                                              </div>                              </div>                                                                                     <div class="productItem last">                                                            <div class="productBox basketWrapper Continente ecsf_product_icons ecsf_add_product_to_basket">        <input class="IsAlreadyInBasket" type="hidden" value="false">        <input class="item_pid" type="hidden" value="4879588(eCsf_RetekProductCatalog_MegastoreContinenteOnline_Continente)">      <input class="item_variantId" type="hidden" value="">      <input class="item_originalSalesUnit" type="hidden" value="Unit">      <input class="item_channelId" type="hidden" value="1">      <input class="item_unitConversionRate" type="hidden" value="">      <input class="item_listPrice" type="hidden" value="1.49">      <input class="item_requestedSalesUnit" type="hidden" value="Unit">      <input class="item_originalAlternativeSalesUnit" type="hidden" value="" name="originalAlternativeSalesUnit">      <input class="AvailabilityInDays" type="hidden" value="0">        <input class="IsInPromotion" type="hidden" value="false">      <input class="DeferredDelivery" type="hidden" value="0">      <input class="RelatedProductsAggregated" type="hidden" value="">        <input class="HasABuyXGetYFreeDiscount" type="hidden" value="false">      <!--<input _tmplitem="61"  class="IsOwnBrandProduct" type="hidden" value="false"/>      <input _tmplitem="61"  class="IsOwnBrandSelectedProduct" type="hidden" value="false"/>      <input _tmplitem="61"  class="IsAManufacturerClubProduct" type="hidden" value="false"/>      <input _tmplitem="61"  class="IsATopTenProduct" type="hidden" value="false"/>      <input _tmplitem="61"  class="IsAGourmetProduct" type="hidden" value="false"/>      <input _tmplitem="61"  class="IsABiologicProduct" type="hidden" value="false"/>      <input _tmplitem="61"  class="IsANationalProduct" type="hidden" value="false"/>      <input _tmplitem="61"  class="IsAGlutenFreeProduct" type="hidden" value="false"/>      <input _tmplitem="61"  class="IsALactoseFreeProduct" type="hidden" value="false"/>      <input _tmplitem="61"  class="IsANewProduct" type="hidden" value="false"/>      <input _tmplitem="61"  class="IsInPromotion" type="hidden" value="false"/>      <input _tmplitem="61"  class="IsATopTenProduct" type="hidden" value="false"/>      <input _tmplitem="61"  class="IsADonationEnabledProduct" type="hidden" value="false"/>      <input _tmplitem="61"  class="IsACheapProduct" type="hidden" value="false"/>      <input _tmplitem="61"  class="IsAnExclusiveProduct" type="hidden" value="false"/>-->        <input class="ItemLevelDiscountAmount" type="hidden" value="">      <input class="ItemLevelLoyaltyDiscountAmount" type="hidden" value="">        <input class="HasWebDiscounts" type="hidden" value="false">      <input class="WebDiscountStartDate" type="hidden" value="">      <input class="WebDiscountEndDate" type="hidden" value="">      <input class="WebDiscountValue" type="hidden" value="">      <input class="WebDiscountIcon" type="hidden" value="">      <input class="WebDiscountQuantity" type="hidden" value="">      <input class="HasRetekDiscounts" type="hidden" value="false">      <input class="RetekDiscountStartDate" type="hidden" value="Tue Sep 06 2016 01:00:00 GMT+0100 (Western European Summer Time)">      <input class="RetekDiscountEndDate" type="hidden" value="Tue Sep 13 2016 00:59:59 GMT+0100 (Western European Summer Time)">      <input class="WebDiscountType" type="hidden" value="">      <input class="RetekDiscountValue" type="hidden" value="25.0000">      <input class="RetekDiscountIcon" type="hidden" value="superPriceIcon">      <input class="RetekDiscountType" type="hidden" value="Percentage">        <input class="HasIsolateShipment" type="hidden" value="">      <input class="HasTaxFree" type="hidden" value="">      <input class="HasCashcardPaymentNotAvailable" type="hidden" value="">      <input class="HasProductGift" type="hidden" value="">      <input class="HasGift" type="hidden" value="">      <input class="HasMoreDetail" type="hidden" value="">        <input class="OriginalListPriceTax" type="hidden" value="0.0843">      <input class="OriginalListPrice" type="hidden" value="1.49">      <input class="PriceCapacityRatioTax" type="hidden" value="1.7570">      <input class="PriceCapacityRatio" type="hidden" value="31.04">      <input class="WebDiscountValueTax" type="hidden" value="0.0">      <input class="RetekDiscountValueTax" type="hidden" value="0.0">      <input class="InventoryCondition" type="hidden" value="0">        <input class="MaxNumberOfUnitsPerSale" type="hidden" value="50">      <input class="MinNumberOfUnitsPerSale" type="hidden" value="1">                                                                                                                                      <input class="showPricesWithTax" type="hidden" value="true">              <input class="pIcons" type="hidden" value="00000000000000000000">    <div class="productBoxTop">        <div class="containerImage">          <div class="image">                        <a href="https://www.continente.pt/stores/continente/pt-pt/public/Pages/ProductDetail.aspx?ProductId=4879588(eCsf_RetekProductCatalog_MegastoreContinenteOnline_Continente)&amp;refiner=%23%2F%3Fpl%3D40" class="ecsf_QuerySuggestions">                                        <img class="lazy" width="150" heigh="150" data-original="https://media.continente.pt/Sonae.eGlobal.Presentation.Web.Media/media.axd?resourceSearchType=2&amp;resource=ProductId=4879588(eCsf$RetekProductCatalog$MegastoreContinenteOnline$Continente)&amp;siteId=1&amp;channelId=1&amp;width=150&amp;height=150&amp;defaultOptions=1" src="https://media.continente.pt/Sonae.eGlobal.Presentation.Web.Media/media.axd?resourceSearchType=2&amp;resource=ProductId=4879588(eCsf$RetekProductCatalog$MegastoreContinenteOnline$Continente)&amp;siteId=1&amp;channelId=1&amp;width=150&amp;height=150&amp;defaultOptions=1" alt="Mostarda Grão Frasco" style="display: inline;">                                </a>                                                  </div>          <div class="discountIcon productIcons">            <div class="largeIcon">              <div class="productDiscountLargeIcon">                                  </div>            </div>                      </div>      </div>      <div class="clearBoth"></div>      <div class="containerDescription">          <div class="title">                                <a class="ecsf_QuerySuggestions" href="https://www.continente.pt/stores/continente/pt-pt/public/Pages/ProductDetail.aspx?ProductId=4879588(eCsf_RetekProductCatalog_MegastoreContinenteOnline_Continente)&amp;refiner=%23%2F%3Fpl%3D40" title="Mostarda Grão Frasco">Mostarda Grão Frasco</a>                        </div>          <div class="type">Margão</div>          <div class="subTitle">                            emb. 48 gr                                </div>              </div>                <div class="containerPrice">                                 <div class="standardPriceContainer-selector">                       <div class="priceFirstRow">                      €                  1,49                                        <span> /un</span>              </div>                                              <div class="priceSecondRow">                          €                                                                                        31,04                                                                                                                                                       <span> /kg</span>                              </div>                                                                        </div>                                           <div class="containerPriceQuantity containerPriceQuantity-selector" style="display: none;">                                              <div class="title">Desconto em quantidade</div>                                              <div class="optionsTable">                                                  <div class="optionRow">                                                      <div class="columnLeft"><span class="quantityOverThreshold-selector"></span></div>                                                      <div class="columnRight"><span class="priceWithDiscountOverThreshold-selector"></span></div>                                                  </div>                                                  <div class="optionRow">                                                      <div class="columnLeft"><span class="quantityUnderThreshold-selector"></span></div>                                                      <div class="columnRight"><span class="priceWithDiscountUnderThreshold-selector"></span></div>                                                  </div>                                              </div>                                          </div>                                                                                    </div>                                          <div class="clearBoth"></div>                                          <div class="productIcons containerIcons">                                                                                        <div class="icons">                                                  <div class="icon">                                                  <div class="productIconWithMeasure"></div>                                                </div>                                                <div class="icon ">                                                  <div class="productIconWithMeasure"></div>                                                </div>                                              </div>                                                                                                                      <div class="discountMessage">                                                              <!-- Discounts original (esta classe deve existir para que o ícone grande funcione) -->                                                              <div class="discountCard" style="display:none">                                                                  <div class="productIcon continenteCard"></div>                                                                  <div class="cardDiscountText">                                                                      <span class="iconDiscountText"></span>                                                                      <span class="discountType Value" style="display:none">                                                                          €                                                          </span>                                                          <span class="discountValue"></span>                                                          <span class="discountType Percentage" style="display:none">                                                              %                                                          </span>                                                      </div>                                                  </div>                                              </div>                                                                                                                                                                                </div>                                                      <div class="clearBoth"></div>                                                      <div class="productQuantityArea">                                                                                                                                <div class="addToBasketUnit">                                                                      <div class="unitsTextBoxArea">                                                                                                                                                <input name="unitsToAdd" class="item_qty unitsTextBox" type="text" value="1" maxlength="3">                                                                                                                                            </div>                                                                      <div class="addRemoveUnits">                                                                                                                                                        <div class="addUnits "><input class="increase-ItemQuantityWithOutUpdate" type="button" title="Add"></div>                                                                              <div class="removeUnits"><input class="decrease-ItemQuantityWithOutUpdate" type="button" title="Remove"></div>                                                                                                                                </div>                                                          </div>                                                            <div class="productActionButtonsArea _addToListBtnWrapper ecsf_add_product_to_shopping_list">                                                              <div class="reserveButtonContainer actionButtonArea">                                                                                                                                                                                                                  <div class="reserveButton ecsf_QuerySuggestions _showNotLoggedPopup">Reservar</div>                                                                                                                                                                                                                          </div>                                                                          <div class="actionButtonArea">                                                                              <div class="buttonLeftBorder"></div>                                                                                                                                                                                                                                                                                                                                                <input class="button add-ToBasket anonBasket ecsf_QuerySuggestions" type="button" name="AddToBasket" value="Carrinho">                                                                                                                                                                                                                                                                                                                                                                                                                  <div class="buttonRightBorder"></div>                                                                      </div>                                                                      <div class="actionButtonArea last">                                                                          <div class="grayButtonLeftBorder"></div>                                                                                                                                                        <input class="grayButton ecsf_QuerySuggestions _showNotLoggedPopup" type="button" name="List" value="Lista">                                                                                                                                                <div class="grayButtonRightBorder"></div>                                                                  </div>                                                                </div>                                                                                                              </div>                                                          </div>                                                            <div class="clearBoth"></div>                                                                                                                                              </div>                              </div>                                                                                     <div class="productItem">                                                            <div class="productBox basketWrapper Continente ecsf_product_icons ecsf_add_product_to_basket">        <input class="IsAlreadyInBasket" type="hidden" value="false">        <input class="item_pid" type="hidden" value="4024172(eCsf_RetekProductCatalog_MegastoreContinenteOnline_Continente)">      <input class="item_variantId" type="hidden" value="">      <input class="item_originalSalesUnit" type="hidden" value="Unit">      <input class="item_channelId" type="hidden" value="1">      <input class="item_unitConversionRate" type="hidden" value="">      <input class="item_listPrice" type="hidden" value="0.99">      <input class="item_requestedSalesUnit" type="hidden" value="Unit">      <input class="item_originalAlternativeSalesUnit" type="hidden" value="" name="originalAlternativeSalesUnit">      <input class="AvailabilityInDays" type="hidden" value="0">        <input class="IsInPromotion" type="hidden" value="false">      <input class="DeferredDelivery" type="hidden" value="0">      <input class="RelatedProductsAggregated" type="hidden" value="">        <input class="HasABuyXGetYFreeDiscount" type="hidden" value="false">      <!--<input _tmplitem="62"  class="IsOwnBrandProduct" type="hidden" value="false"/>      <input _tmplitem="62"  class="IsOwnBrandSelectedProduct" type="hidden" value="false"/>      <input _tmplitem="62"  class="IsAManufacturerClubProduct" type="hidden" value="false"/>      <input _tmplitem="62"  class="IsATopTenProduct" type="hidden" value="false"/>      <input _tmplitem="62"  class="IsAGourmetProduct" type="hidden" value="false"/>      <input _tmplitem="62"  class="IsABiologicProduct" type="hidden" value="false"/>      <input _tmplitem="62"  class="IsANationalProduct" type="hidden" value="false"/>      <input _tmplitem="62"  class="IsAGlutenFreeProduct" type="hidden" value="false"/>      <input _tmplitem="62"  class="IsALactoseFreeProduct" type="hidden" value="false"/>      <input _tmplitem="62"  class="IsANewProduct" type="hidden" value="false"/>      <input _tmplitem="62"  class="IsInPromotion" type="hidden" value="false"/>      <input _tmplitem="62"  class="IsATopTenProduct" type="hidden" value="false"/>      <input _tmplitem="62"  class="IsADonationEnabledProduct" type="hidden" value="false"/>      <input _tmplitem="62"  class="IsACheapProduct" type="hidden" value="false"/>      <input _tmplitem="62"  class="IsAnExclusiveProduct" type="hidden" value="false"/>-->        <input class="ItemLevelDiscountAmount" type="hidden" value="">      <input class="ItemLevelLoyaltyDiscountAmount" type="hidden" value="">        <input class="HasWebDiscounts" type="hidden" value="false">      <input class="WebDiscountStartDate" type="hidden" value="">      <input class="WebDiscountEndDate" type="hidden" value="">      <input class="WebDiscountValue" type="hidden" value="">      <input class="WebDiscountIcon" type="hidden" value="">      <input class="WebDiscountQuantity" type="hidden" value="">      <input class="HasRetekDiscounts" type="hidden" value="false">      <input class="RetekDiscountStartDate" type="hidden" value="Tue Sep 06 2016 01:00:00 GMT+0100 (Western European Summer Time)">      <input class="RetekDiscountEndDate" type="hidden" value="Tue Sep 13 2016 00:59:59 GMT+0100 (Western European Summer Time)">      <input class="WebDiscountType" type="hidden" value="">      <input class="RetekDiscountValue" type="hidden" value="25.0000">      <input class="RetekDiscountIcon" type="hidden" value="superPriceIcon">      <input class="RetekDiscountType" type="hidden" value="Percentage">        <input class="HasIsolateShipment" type="hidden" value="">      <input class="HasTaxFree" type="hidden" value="">      <input class="HasCashcardPaymentNotAvailable" type="hidden" value="">      <input class="HasProductGift" type="hidden" value="">      <input class="HasGift" type="hidden" value="">      <input class="HasMoreDetail" type="hidden" value="">        <input class="OriginalListPriceTax" type="hidden" value="0.1851">      <input class="OriginalListPrice" type="hidden" value="0.99">      <input class="PriceCapacityRatioTax" type="hidden" value="2.3150">      <input class="PriceCapacityRatio" type="hidden" value="12.38">      <input class="WebDiscountValueTax" type="hidden" value="0.0">      <input class="RetekDiscountValueTax" type="hidden" value="0.0">      <input class="InventoryCondition" type="hidden" value="0">        <input class="MaxNumberOfUnitsPerSale" type="hidden" value="50">      <input class="MinNumberOfUnitsPerSale" type="hidden" value="1">                                                                                                                                      <input class="showPricesWithTax" type="hidden" value="true">              <input class="pIcons" type="hidden" value="00000000000000000000">    <div class="productBoxTop">        <div class="containerImage">          <div class="image">                        <a href="https://www.continente.pt/stores/continente/pt-pt/public/Pages/ProductDetail.aspx?ProductId=4024172(eCsf_RetekProductCatalog_MegastoreContinenteOnline_Continente)&amp;refiner=%23%2F%3Fpl%3D40" class="ecsf_QuerySuggestions">                                        <img class="lazy" width="150" heigh="150" data-original="https://media.continente.pt/Sonae.eGlobal.Presentation.Web.Media/media.axd?resourceSearchType=2&amp;resource=ProductId=4024172(eCsf$RetekProductCatalog$MegastoreContinenteOnline$Continente)&amp;siteId=1&amp;channelId=1&amp;width=150&amp;height=150&amp;defaultOptions=1" src="https://media.continente.pt/Sonae.eGlobal.Presentation.Web.Media/media.axd?resourceSearchType=2&amp;resource=ProductId=4024172(eCsf$RetekProductCatalog$MegastoreContinenteOnline$Continente)&amp;siteId=1&amp;channelId=1&amp;width=150&amp;height=150&amp;defaultOptions=1" alt="Bicarbonato de Sódio" style="display: inline;">                                </a>                                                  </div>          <div class="discountIcon productIcons">            <div class="largeIcon">              <div class="productDiscountLargeIcon">                                  </div>            </div>                      </div>      </div>      <div class="clearBoth"></div>      <div class="containerDescription">          <div class="title">                                <a class="ecsf_QuerySuggestions" href="https://www.continente.pt/stores/continente/pt-pt/public/Pages/ProductDetail.aspx?ProductId=4024172(eCsf_RetekProductCatalog_MegastoreContinenteOnline_Continente)&amp;refiner=%23%2F%3Fpl%3D40" title="Bicarbonato de Sódio">Bicarbonato de Sódio</a>                        </div>          <div class="type">Margão</div>          <div class="subTitle">                            emb. 80 gr                                </div>              </div>                <div class="containerPrice">                                 <div class="standardPriceContainer-selector">                       <div class="priceFirstRow">                      €                  0,99                                        <span> /un</span>              </div>                                              <div class="priceSecondRow">                          €                                                                                        12,38                                                                                                                                                       <span> /kg</span>                              </div>                                                                        </div>                                           <div class="containerPriceQuantity containerPriceQuantity-selector" style="display: none;">                                              <div class="title">Desconto em quantidade</div>                                              <div class="optionsTable">                                                  <div class="optionRow">                                                      <div class="columnLeft"><span class="quantityOverThreshold-selector"></span></div>                                                      <div class="columnRight"><span class="priceWithDiscountOverThreshold-selector"></span></div>                                                  </div>                                                  <div class="optionRow">                                                      <div class="columnLeft"><span class="quantityUnderThreshold-selector"></span></div>                                                      <div class="columnRight"><span class="priceWithDiscountUnderThreshold-selector"></span></div>                                                  </div>                                              </div>                                          </div>                                                                                    </div>                                          <div class="clearBoth"></div>                                          <div class="productIcons containerIcons">                                                                                        <div class="icons">                                                  <div class="icon">                                                  <div class="productIconWithMeasure"></div>                                                </div>                                                <div class="icon ">                                                  <div class="productIconWithMeasure"></div>                                                </div>                                              </div>                                                                                                                      <div class="discountMessage">                                                              <!-- Discounts original (esta classe deve existir para que o ícone grande funcione) -->                                                              <div class="discountCard" style="display:none">                                                                  <div class="productIcon continenteCard"></div>                                                                  <div class="cardDiscountText">                                                                      <span class="iconDiscountText"></span>                                                                      <span class="discountType Value" style="display:none">                                                                          €                                                          </span>                                                          <span class="discountValue"></span>                                                          <span class="discountType Percentage" style="display:none">                                                              %                                                          </span>                                                      </div>                                                  </div>                                              </div>                                                                                                                                                                                </div>                                                      <div class="clearBoth"></div>                                                      <div class="productQuantityArea">                                                                                                                                <div class="addToBasketUnit">                                                                      <div class="unitsTextBoxArea">                                                                                                                                                <input name="unitsToAdd" class="item_qty unitsTextBox" type="text" value="1" maxlength="3">                                                                                                                                            </div>                                                                      <div class="addRemoveUnits">                                                                                                                                                        <div class="addUnits "><input class="increase-ItemQuantityWithOutUpdate" type="button" title="Add"></div>                                                                              <div class="removeUnits"><input class="decrease-ItemQuantityWithOutUpdate" type="button" title="Remove"></div>                                                                                                                                </div>                                                          </div>                                                            <div class="productActionButtonsArea _addToListBtnWrapper ecsf_add_product_to_shopping_list">                                                              <div class="reserveButtonContainer actionButtonArea">                                                                                                                                                                                                                  <div class="reserveButton ecsf_QuerySuggestions _showNotLoggedPopup">Reservar</div>                                                                                                                                                                                                                          </div>                                                                          <div class="actionButtonArea">                                                                              <div class="buttonLeftBorder"></div>                                                                                                                                                                                                                                                                                                                                                <input class="button add-ToBasket anonBasket ecsf_QuerySuggestions" type="button" name="AddToBasket" value="Carrinho">                                                                                                                                                                                                                                                                                                                                                                                                                  <div class="buttonRightBorder"></div>                                                                      </div>                                                                      <div class="actionButtonArea last">                                                                          <div class="grayButtonLeftBorder"></div>                                                                                                                                                        <input class="grayButton ecsf_QuerySuggestions _showNotLoggedPopup" type="button" name="List" value="Lista">                                                                                                                                                <div class="grayButtonRightBorder"></div>                                                                  </div>                                                                </div>                                                                                                              </div>                                                          </div>                                                            <div class="clearBoth"></div>                                                                                                                                              </div>                              </div>                                                                                     <div class="productItem">                                                            <div class="productBox basketWrapper Continente ecsf_product_icons ecsf_add_product_to_basket">        <input class="IsAlreadyInBasket" type="hidden" value="false">        <input class="item_pid" type="hidden" value="2003469(eCsf_RetekProductCatalog_MegastoreContinenteOnline_Continente)">      <input class="item_variantId" type="hidden" value="">      <input class="item_originalSalesUnit" type="hidden" value="Unit">      <input class="item_channelId" type="hidden" value="1">      <input class="item_unitConversionRate" type="hidden" value="0.0">      <input class="item_listPrice" type="hidden" value="1.99">      <input class="item_requestedSalesUnit" type="hidden" value="Unit">      <input class="item_originalAlternativeSalesUnit" type="hidden" value="" name="originalAlternativeSalesUnit">      <input class="AvailabilityInDays" type="hidden" value="0">        <input class="IsInPromotion" type="hidden" value="false">      <input class="DeferredDelivery" type="hidden" value="0">      <input class="RelatedProductsAggregated" type="hidden" value="">        <input class="HasABuyXGetYFreeDiscount" type="hidden" value="false">      <!--<input _tmplitem="63"  class="IsOwnBrandProduct" type="hidden" value="false"/>      <input _tmplitem="63"  class="IsOwnBrandSelectedProduct" type="hidden" value="false"/>      <input _tmplitem="63"  class="IsAManufacturerClubProduct" type="hidden" value="false"/>      <input _tmplitem="63"  class="IsATopTenProduct" type="hidden" value="false"/>      <input _tmplitem="63"  class="IsAGourmetProduct" type="hidden" value="false"/>      <input _tmplitem="63"  class="IsABiologicProduct" type="hidden" value="false"/>      <input _tmplitem="63"  class="IsANationalProduct" type="hidden" value="false"/>      <input _tmplitem="63"  class="IsAGlutenFreeProduct" type="hidden" value="false"/>      <input _tmplitem="63"  class="IsALactoseFreeProduct" type="hidden" value="false"/>      <input _tmplitem="63"  class="IsANewProduct" type="hidden" value="false"/>      <input _tmplitem="63"  class="IsInPromotion" type="hidden" value="false"/>      <input _tmplitem="63"  class="IsATopTenProduct" type="hidden" value="false"/>      <input _tmplitem="63"  class="IsADonationEnabledProduct" type="hidden" value="false"/>      <input _tmplitem="63"  class="IsACheapProduct" type="hidden" value="false"/>      <input _tmplitem="63"  class="IsAnExclusiveProduct" type="hidden" value="false"/>-->        <input class="ItemLevelDiscountAmount" type="hidden" value="">      <input class="ItemLevelLoyaltyDiscountAmount" type="hidden" value="">        <input class="HasWebDiscounts" type="hidden" value="false">      <input class="WebDiscountStartDate" type="hidden" value="">      <input class="WebDiscountEndDate" type="hidden" value="">      <input class="WebDiscountValue" type="hidden" value="">      <input class="WebDiscountIcon" type="hidden" value="">      <input class="WebDiscountQuantity" type="hidden" value="">      <input class="HasRetekDiscounts" type="hidden" value="false">      <input class="RetekDiscountStartDate" type="hidden" value="Tue Sep 06 2016 01:00:00 GMT+0100 (Western European Summer Time)">      <input class="RetekDiscountEndDate" type="hidden" value="Tue Sep 13 2016 00:59:59 GMT+0100 (Western European Summer Time)">      <input class="WebDiscountType" type="hidden" value="">      <input class="RetekDiscountValue" type="hidden" value="25.0000">      <input class="RetekDiscountIcon" type="hidden" value="superPriceIcon">      <input class="RetekDiscountType" type="hidden" value="Percentage">        <input class="HasIsolateShipment" type="hidden" value="">      <input class="HasTaxFree" type="hidden" value="">      <input class="HasCashcardPaymentNotAvailable" type="hidden" value="">      <input class="HasProductGift" type="hidden" value="">      <input class="HasGift" type="hidden" value="">      <input class="HasMoreDetail" type="hidden" value="">        <input class="OriginalListPriceTax" type="hidden" value="0.3721">      <input class="OriginalListPrice" type="hidden" value="1.99">      <input class="PriceCapacityRatioTax" type="hidden" value="9.7928">      <input class="PriceCapacityRatio" type="hidden" value="52.37">      <input class="WebDiscountValueTax" type="hidden" value="0.0">      <input class="RetekDiscountValueTax" type="hidden" value="0.0">      <input class="InventoryCondition" type="hidden" value="0">        <input class="MaxNumberOfUnitsPerSale" type="hidden" value="50">      <input class="MinNumberOfUnitsPerSale" type="hidden" value="1">                                                                                                                                      <input class="showPricesWithTax" type="hidden" value="true">              <input class="pIcons" type="hidden" value="00000000000000000000">    <div class="productBoxTop">        <div class="containerImage">          <div class="image">                        <a href="https://www.continente.pt/stores/continente/pt-pt/public/Pages/ProductDetail.aspx?ProductId=2003469(eCsf_RetekProductCatalog_MegastoreContinenteOnline_Continente)&amp;refiner=%23%2F%3Fpl%3D40" class="ecsf_QuerySuggestions">                                        <img class="lazy" width="150" heigh="150" data-original="https://media.continente.pt/Sonae.eGlobal.Presentation.Web.Media/media.axd?resourceSearchType=2&amp;resource=ProductId=2003469(eCsf$RetekProductCatalog$MegastoreContinenteOnline$Continente)&amp;siteId=1&amp;channelId=1&amp;width=150&amp;height=150&amp;defaultOptions=1" src="https://media.continente.pt/Sonae.eGlobal.Presentation.Web.Media/media.axd?resourceSearchType=2&amp;resource=ProductId=2003469(eCsf$RetekProductCatalog$MegastoreContinenteOnline$Continente)&amp;siteId=1&amp;channelId=1&amp;width=150&amp;height=150&amp;defaultOptions=1" alt="Piripíri Moído" style="display: inline;">                                </a>                                                  </div>          <div class="discountIcon productIcons">            <div class="largeIcon">              <div class="productDiscountLargeIcon">                                  </div>            </div>                      </div>      </div>      <div class="clearBoth"></div>      <div class="containerDescription">          <div class="title">                                <a class="ecsf_QuerySuggestions" href="https://www.continente.pt/stores/continente/pt-pt/public/Pages/ProductDetail.aspx?ProductId=2003469(eCsf_RetekProductCatalog_MegastoreContinenteOnline_Continente)&amp;refiner=%23%2F%3Fpl%3D40" title="Piripíri Moído">Piripíri Moído</a>                        </div>          <div class="type">Margão</div>          <div class="subTitle">                            emb. 38 gr                                </div>              </div>                <div class="containerPrice">                                 <div class="standardPriceContainer-selector">                       <div class="priceFirstRow">                      €                  1,99                                        <span> /un</span>              </div>                                              <div class="priceSecondRow">                          €                                                                                        52,37                                                                                                                                                       <span> /kg</span>                              </div>                                                                        </div>                                           <div class="containerPriceQuantity containerPriceQuantity-selector" style="display: none;">                                              <div class="title">Desconto em quantidade</div>                                              <div class="optionsTable">                                                  <div class="optionRow">                                                      <div class="columnLeft"><span class="quantityOverThreshold-selector"></span></div>                                                      <div class="columnRight"><span class="priceWithDiscountOverThreshold-selector"></span></div>                                                  </div>                                                  <div class="optionRow">                                                      <div class="columnLeft"><span class="quantityUnderThreshold-selector"></span></div>                                                      <div class="columnRight"><span class="priceWithDiscountUnderThreshold-selector"></span></div>                                                  </div>                                              </div>                                          </div>                                                                                    </div>                                          <div class="clearBoth"></div>                                          <div class="productIcons containerIcons">                                                                                        <div class="icons">                                                  <div class="icon">                                                  <div class="productIconWithMeasure"></div>                                                </div>                                                <div class="icon ">                                                  <div class="productIconWithMeasure"></div>                                                </div>                                              </div>                                                                                                                      <div class="discountMessage">                                                              <!-- Discounts original (esta classe deve existir para que o ícone grande funcione) -->                                                              <div class="discountCard" style="display:none">                                                                  <div class="productIcon continenteCard"></div>                                                                  <div class="cardDiscountText">                                                                      <span class="iconDiscountText"></span>                                                                      <span class="discountType Value" style="display:none">                                                                          €                                                          </span>                                                          <span class="discountValue"></span>                                                          <span class="discountType Percentage" style="display:none">                                                              %                                                          </span>                                                      </div>                                                  </div>                                              </div>                                                                                                                                                                                </div>                                                      <div class="clearBoth"></div>                                                      <div class="productQuantityArea">                                                                                                                                <div class="addToBasketUnit">                                                                      <div class="unitsTextBoxArea">                                                                                                                                                <input name="unitsToAdd" class="item_qty unitsTextBox" type="text" value="1" maxlength="3">                                                                                                                                            </div>                                                                      <div class="addRemoveUnits">                                                                                                                                                        <div class="addUnits "><input class="increase-ItemQuantityWithOutUpdate" type="button" title="Add"></div>                                                                              <div class="removeUnits"><input class="decrease-ItemQuantityWithOutUpdate" type="button" title="Remove"></div>                                                                                                                                </div>                                                          </div>                                                            <div class="productActionButtonsArea _addToListBtnWrapper ecsf_add_product_to_shopping_list">                                                              <div class="reserveButtonContainer actionButtonArea">                                                                                                                                                                                                                  <div class="reserveButton ecsf_QuerySuggestions _showNotLoggedPopup">Reservar</div>                                                                                                                                                                                                                          </div>                                                                          <div class="actionButtonArea">                                                                              <div class="buttonLeftBorder"></div>                                                                                                                                                                                                                                                                                                                                                <input class="button add-ToBasket anonBasket ecsf_QuerySuggestions" type="button" name="AddToBasket" value="Carrinho">                                                                                                                                                                                                                                                                                                                                                                                                                  <div class="buttonRightBorder"></div>                                                                      </div>                                                                      <div class="actionButtonArea last">                                                                          <div class="grayButtonLeftBorder"></div>                                                                                                                                                        <input class="grayButton ecsf_QuerySuggestions _showNotLoggedPopup" type="button" name="List" value="Lista">                                                                                                                                                <div class="grayButtonRightBorder"></div>                                                                  </div>                                                                </div>                                                                                                              </div>                                                          </div>                                                            <div class="clearBoth"></div>                                                                                                                                              </div>                              </div>                                                                                     <div class="productItem">                                                            <div class="productBox basketWrapper Continente ecsf_product_icons ecsf_add_product_to_basket">        <input class="IsAlreadyInBasket" type="hidden" value="false">        <input class="item_pid" type="hidden" value="2003399(eCsf_RetekProductCatalog_MegastoreContinenteOnline_Continente)">      <input class="item_variantId" type="hidden" value="">      <input class="item_originalSalesUnit" type="hidden" value="Unit">      <input class="item_channelId" type="hidden" value="1">      <input class="item_unitConversionRate" type="hidden" value="0.0">      <input class="item_listPrice" type="hidden" value="3.39">      <input class="item_requestedSalesUnit" type="hidden" value="Unit">      <input class="item_originalAlternativeSalesUnit" type="hidden" value="" name="originalAlternativeSalesUnit">      <input class="AvailabilityInDays" type="hidden" value="0">        <input class="IsInPromotion" type="hidden" value="false">      <input class="DeferredDelivery" type="hidden" value="0">      <input class="RelatedProductsAggregated" type="hidden" value="">        <input class="HasABuyXGetYFreeDiscount" type="hidden" value="false">      <!--<input _tmplitem="64"  class="IsOwnBrandProduct" type="hidden" value="false"/>      <input _tmplitem="64"  class="IsOwnBrandSelectedProduct" type="hidden" value="false"/>      <input _tmplitem="64"  class="IsAManufacturerClubProduct" type="hidden" value="false"/>      <input _tmplitem="64"  class="IsATopTenProduct" type="hidden" value="false"/>      <input _tmplitem="64"  class="IsAGourmetProduct" type="hidden" value="false"/>      <input _tmplitem="64"  class="IsABiologicProduct" type="hidden" value="false"/>      <input _tmplitem="64"  class="IsANationalProduct" type="hidden" value="false"/>      <input _tmplitem="64"  class="IsAGlutenFreeProduct" type="hidden" value="false"/>      <input _tmplitem="64"  class="IsALactoseFreeProduct" type="hidden" value="false"/>      <input _tmplitem="64"  class="IsANewProduct" type="hidden" value="false"/>      <input _tmplitem="64"  class="IsInPromotion" type="hidden" value="false"/>      <input _tmplitem="64"  class="IsATopTenProduct" type="hidden" value="false"/>      <input _tmplitem="64"  class="IsADonationEnabledProduct" type="hidden" value="false"/>      <input _tmplitem="64"  class="IsACheapProduct" type="hidden" value="false"/>      <input _tmplitem="64"  class="IsAnExclusiveProduct" type="hidden" value="false"/>-->        <input class="ItemLevelDiscountAmount" type="hidden" value="">      <input class="ItemLevelLoyaltyDiscountAmount" type="hidden" value="">        <input class="HasWebDiscounts" type="hidden" value="false">      <input class="WebDiscountStartDate" type="hidden" value="Mon Jul 14 2014 01:01:01 GMT+0100 (Western European Summer Time)">      <input class="WebDiscountEndDate" type="hidden" value="Tue Jul 22 2014 00:59:59 GMT+0100 (Western European Summer Time)">      <input class="WebDiscountValue" type="hidden" value="25">      <input class="WebDiscountIcon" type="hidden" value="superPriceIcon">      <input class="WebDiscountQuantity" type="hidden" value="">      <input class="HasRetekDiscounts" type="hidden" value="false">      <input class="RetekDiscountStartDate" type="hidden" value="Tue Aug 14 2018 01:00:00 GMT+0100 (Western European Summer Time)">      <input class="RetekDiscountEndDate" type="hidden" value="Tue Aug 21 2018 00:59:59 GMT+0100 (Western European Summer Time)">      <input class="WebDiscountType" type="hidden" value="Percentage">      <input class="RetekDiscountValue" type="hidden" value="15.0000">      <input class="RetekDiscountIcon" type="hidden" value="superPriceIcon">      <input class="RetekDiscountType" type="hidden" value="Percentage">        <input class="HasIsolateShipment" type="hidden" value="">      <input class="HasTaxFree" type="hidden" value="">      <input class="HasCashcardPaymentNotAvailable" type="hidden" value="">      <input class="HasProductGift" type="hidden" value="">      <input class="HasGift" type="hidden" value="">      <input class="HasMoreDetail" type="hidden" value="">        <input class="OriginalListPriceTax" type="hidden" value="0.1919">      <input class="OriginalListPrice" type="hidden" value="3.39">      <input class="PriceCapacityRatioTax" type="hidden" value="3.8377">      <input class="PriceCapacityRatio" type="hidden" value="67.8">      <input class="WebDiscountValueTax" type="hidden" value="0.0">      <input class="RetekDiscountValueTax" type="hidden" value="0.0">      <input class="InventoryCondition" type="hidden" value="0">        <input class="MaxNumberOfUnitsPerSale" type="hidden" value="50">      <input class="MinNumberOfUnitsPerSale" type="hidden" value="1">                                                                                                                                      <input class="showPricesWithTax" type="hidden" value="true">              <input class="pIcons" type="hidden" value="00000000000000000000">    <div class="productBoxTop">        <div class="containerImage">          <div class="image">                        <a href="https://www.continente.pt/stores/continente/pt-pt/public/Pages/ProductDetail.aspx?ProductId=2003399(eCsf_RetekProductCatalog_MegastoreContinenteOnline_Continente)&amp;refiner=%23%2F%3Fpl%3D40" class="ecsf_QuerySuggestions">                                        <img class="lazy" width="150" heigh="150" data-original="https://media.continente.pt/Sonae.eGlobal.Presentation.Web.Media/media.axd?resourceSearchType=2&amp;resource=ProductId=2003399(eCsf$RetekProductCatalog$MegastoreContinenteOnline$Continente)&amp;siteId=1&amp;channelId=1&amp;width=150&amp;height=150&amp;defaultOptions=1" src="https://media.continente.pt/Sonae.eGlobal.Presentation.Web.Media/media.axd?resourceSearchType=2&amp;resource=ProductId=2003399(eCsf$RetekProductCatalog$MegastoreContinenteOnline$Continente)&amp;siteId=1&amp;channelId=1&amp;width=150&amp;height=150&amp;defaultOptions=1" alt="Noz Moscada Grão Saqueta" style="display: inline;">                                </a>                                                  </div>          <div class="discountIcon productIcons">            <div class="largeIcon">              <div class="productDiscountLargeIcon">                                  </div>            </div>                      </div>      </div>      <div class="clearBoth"></div>      <div class="containerDescription">          <div class="title">                                <a class="ecsf_QuerySuggestions" href="https://www.continente.pt/stores/continente/pt-pt/public/Pages/ProductDetail.aspx?ProductId=2003399(eCsf_RetekProductCatalog_MegastoreContinenteOnline_Continente)&amp;refiner=%23%2F%3Fpl%3D40" title="Noz Moscada Grão Saqueta">Noz Moscada Grão Saqueta</a>                        </div>          <div class="type">Margão</div>          <div class="subTitle">                            emb. 50 gr                                </div>              </div>                <div class="containerPrice">                                 <div class="standardPriceContainer-selector">                       <div class="priceFirstRow">                      €                  3,39                                        <span> /un</span>              </div>                                              <div class="priceSecondRow">                          €                                                                                        67,80                                                                                                                                                       <span> /kg</span>                              </div>                                                                        </div>                                           <div class="containerPriceQuantity containerPriceQuantity-selector">                                              <div class="title">Desconto em quantidade</div>                                              <div class="optionsTable">                                                  <div class="optionRow">                                                      <div class="columnLeft"><span class="quantityOverThreshold-selector"></span></div>                                                      <div class="columnRight"><span class="priceWithDiscountOverThreshold-selector"></span></div>                                                  </div>                                                  <div class="optionRow">                                                      <div class="columnLeft"><span class="quantityUnderThreshold-selector"></span></div>                                                      <div class="columnRight"><span class="priceWithDiscountUnderThreshold-selector"></span></div>                                                  </div>                                              </div>                                          </div>                                                                                    </div>                                          <div class="clearBoth"></div>                                          <div class="productIcons containerIcons">                                                                                        <div class="icons">                                                  <div class="icon">                                                  <div class="productIconWithMeasure"></div>                                                </div>                                                <div class="icon ">                                                  <div class="productIconWithMeasure"></div>                                                </div>                                              </div>                                                                                                                      <div class="discountMessage">                                                              <!-- Discounts original (esta classe deve existir para que o ícone grande funcione) -->                                                              <div class="discountCard" style="display:none">                                                                  <div class="productIcon continenteCard"></div>                                                                  <div class="cardDiscountText">                                                                      <span class="iconDiscountText"></span>                                                                      <span class="discountType Value" style="display:none">                                                                          €                                                          </span>                                                          <span class="discountValue"></span>                                                          <span class="discountType Percentage" style="display:none">                                                              %                                                          </span>                                                      </div>                                                  </div>                                              </div>                                                                                                                                                                                </div>                                                      <div class="clearBoth"></div>                                                      <div class="productQuantityArea">                                                                                                                                <div class="addToBasketUnit">                                                                      <div class="unitsTextBoxArea">                                                                                                                                                <input name="unitsToAdd" class="item_qty unitsTextBox" type="text" value="1" maxlength="3">                                                                                                                                            </div>                                                                      <div class="addRemoveUnits">                                                                                                                                                        <div class="addUnits "><input class="increase-ItemQuantityWithOutUpdate" type="button" title="Add"></div>                                                                              <div class="removeUnits"><input class="decrease-ItemQuantityWithOutUpdate" type="button" title="Remove"></div>                                                                                                                                </div>                                                          </div>                                                            <div class="productActionButtonsArea _addToListBtnWrapper ecsf_add_product_to_shopping_list">                                                              <div class="reserveButtonContainer actionButtonArea">                                                                                                                                                                                                                  <div class="reserveButton ecsf_QuerySuggestions _showNotLoggedPopup">Reservar</div>                                                                                                                                                                                                                          </div>                                                                          <div class="actionButtonArea">                                                                              <div class="buttonLeftBorder"></div>                                                                                                                                                                                                                                                                                                                                                <input class="button add-ToBasket anonBasket ecsf_QuerySuggestions" type="button" name="AddToBasket" value="Carrinho">                                                                                                                                                                                                                                                                                                                                                                                                                  <div class="buttonRightBorder"></div>                                                                      </div>                                                                      <div class="actionButtonArea last">                                                                          <div class="grayButtonLeftBorder"></div>                                                                                                                                                        <input class="grayButton ecsf_QuerySuggestions _showNotLoggedPopup" type="button" name="List" value="Lista">                                                                                                                                                <div class="grayButtonRightBorder"></div>                                                                  </div>                                                                </div>                                                                                                              </div>                                                          </div>                                                            <div class="clearBoth"></div>                                                                                                                                              </div>                              </div>                                                                                     <div class="productItem last">                                                            <div class="productBox basketWrapper Continente ecsf_product_icons ecsf_add_product_to_basket">        <input class="IsAlreadyInBasket" type="hidden" value="false">        <input class="item_pid" type="hidden" value="2003222(eCsf_RetekProductCatalog_MegastoreContinenteOnline_Continente)">      <input class="item_variantId" type="hidden" value="">      <input class="item_originalSalesUnit" type="hidden" value="Unit">      <input class="item_channelId" type="hidden" value="1">      <input class="item_unitConversionRate" type="hidden" value="0.0">      <input class="item_listPrice" type="hidden" value="1.79">      <input class="item_requestedSalesUnit" type="hidden" value="Unit">      <input class="item_originalAlternativeSalesUnit" type="hidden" value="" name="originalAlternativeSalesUnit">      <input class="AvailabilityInDays" type="hidden" value="0">        <input class="IsInPromotion" type="hidden" value="false">      <input class="DeferredDelivery" type="hidden" value="0">      <input class="RelatedProductsAggregated" type="hidden" value="">        <input class="HasABuyXGetYFreeDiscount" type="hidden" value="false">      <!--<input _tmplitem="65"  class="IsOwnBrandProduct" type="hidden" value="false"/>      <input _tmplitem="65"  class="IsOwnBrandSelectedProduct" type="hidden" value="false"/>      <input _tmplitem="65"  class="IsAManufacturerClubProduct" type="hidden" value="false"/>      <input _tmplitem="65"  class="IsATopTenProduct" type="hidden" value="false"/>      <input _tmplitem="65"  class="IsAGourmetProduct" type="hidden" value="false"/>      <input _tmplitem="65"  class="IsABiologicProduct" type="hidden" value="false"/>      <input _tmplitem="65"  class="IsANationalProduct" type="hidden" value="false"/>      <input _tmplitem="65"  class="IsAGlutenFreeProduct" type="hidden" value="false"/>      <input _tmplitem="65"  class="IsALactoseFreeProduct" type="hidden" value="false"/>      <input _tmplitem="65"  class="IsANewProduct" type="hidden" value="false"/>      <input _tmplitem="65"  class="IsInPromotion" type="hidden" value="false"/>      <input _tmplitem="65"  class="IsATopTenProduct" type="hidden" value="false"/>      <input _tmplitem="65"  class="IsADonationEnabledProduct" type="hidden" value="false"/>      <input _tmplitem="65"  class="IsACheapProduct" type="hidden" value="false"/>      <input _tmplitem="65"  class="IsAnExclusiveProduct" type="hidden" value="false"/>-->        <input class="ItemLevelDiscountAmount" type="hidden" value="">      <input class="ItemLevelLoyaltyDiscountAmount" type="hidden" value="">        <input class="HasWebDiscounts" type="hidden" value="false">      <input class="WebDiscountStartDate" type="hidden" value="">      <input class="WebDiscountEndDate" type="hidden" value="">      <input class="WebDiscountValue" type="hidden" value="">      <input class="WebDiscountIcon" type="hidden" value="">      <input class="WebDiscountQuantity" type="hidden" value="">      <input class="HasRetekDiscounts" type="hidden" value="false">      <input class="RetekDiscountStartDate" type="hidden" value="Tue Sep 19 2017 01:00:00 GMT+0100 (Western European Summer Time)">      <input class="RetekDiscountEndDate" type="hidden" value="Tue Sep 26 2017 00:59:59 GMT+0100 (Western European Summer Time)">      <input class="WebDiscountType" type="hidden" value="">      <input class="RetekDiscountValue" type="hidden" value="25.0000">      <input class="RetekDiscountIcon" type="hidden" value="superPriceIcon">      <input class="RetekDiscountType" type="hidden" value="Percentage">        <input class="HasIsolateShipment" type="hidden" value="">      <input class="HasTaxFree" type="hidden" value="">      <input class="HasCashcardPaymentNotAvailable" type="hidden" value="">      <input class="HasProductGift" type="hidden" value="">      <input class="HasGift" type="hidden" value="">      <input class="HasMoreDetail" type="hidden" value="">        <input class="OriginalListPriceTax" type="hidden" value="0.3347">      <input class="OriginalListPrice" type="hidden" value="1.79">      <input class="PriceCapacityRatioTax" type="hidden" value="7.9696">      <input class="PriceCapacityRatio" type="hidden" value="42.62">      <input class="WebDiscountValueTax" type="hidden" value="0.0">      <input class="RetekDiscountValueTax" type="hidden" value="0.0">      <input class="InventoryCondition" type="hidden" value="0">        <input class="MaxNumberOfUnitsPerSale" type="hidden" value="50">      <input class="MinNumberOfUnitsPerSale" type="hidden" value="1">                                                                                                                                      <input class="showPricesWithTax" type="hidden" value="true">              <input class="pIcons" type="hidden" value="00000000000000000000">    <div class="productBoxTop">        <div class="containerImage">          <div class="image">                        <a href="https://www.continente.pt/stores/continente/pt-pt/public/Pages/ProductDetail.aspx?ProductId=2003222(eCsf_RetekProductCatalog_MegastoreContinenteOnline_Continente)&amp;refiner=%23%2F%3Fpl%3D40" class="ecsf_QuerySuggestions">                                        <img class="lazy" width="150" heigh="150" data-original="https://media.continente.pt/Sonae.eGlobal.Presentation.Web.Media/media.axd?resourceSearchType=2&amp;resource=ProductId=2003222(eCsf$RetekProductCatalog$MegastoreContinenteOnline$Continente)&amp;siteId=1&amp;channelId=1&amp;width=150&amp;height=150&amp;defaultOptions=1" src="https://media.continente.pt/Sonae.eGlobal.Presentation.Web.Media/media.axd?resourceSearchType=2&amp;resource=ProductId=2003222(eCsf$RetekProductCatalog$MegastoreContinenteOnline$Continente)&amp;siteId=1&amp;channelId=1&amp;width=150&amp;height=150&amp;defaultOptions=1" alt="Caril em Frasco" style="display: inline;">                                </a>                                                  </div>          <div class="discountIcon productIcons">            <div class="largeIcon">              <div class="productDiscountLargeIcon">                                  </div>            </div>                      </div>      </div>      <div class="clearBoth"></div>      <div class="containerDescription">          <div class="title">                                <a class="ecsf_QuerySuggestions" href="https://www.continente.pt/stores/continente/pt-pt/public/Pages/ProductDetail.aspx?ProductId=2003222(eCsf_RetekProductCatalog_MegastoreContinenteOnline_Continente)&amp;refiner=%23%2F%3Fpl%3D40" title="Caril em Frasco">Caril em Frasco</a>                        </div>          <div class="type">Margão</div>          <div class="subTitle">                            emb. 42 gr                                </div>              </div>                <div class="containerPrice">                                 <div class="standardPriceContainer-selector">                       <div class="priceFirstRow">                      €                  1,79                                        <span> /un</span>              </div>                                              <div class="priceSecondRow">                          €                                                                                        42,62                                                                                                                                                       <span> /kg</span>                              </div>                                                                        </div>                                           <div class="containerPriceQuantity containerPriceQuantity-selector" style="display: none;">                                              <div class="title">Desconto em quantidade</div>                                              <div class="optionsTable">                                                  <div class="optionRow">                                                      <div class="columnLeft"><span class="quantityOverThreshold-selector"></span></div>                                                      <div class="columnRight"><span class="priceWithDiscountOverThreshold-selector"></span></div>                                                  </div>                                                  <div class="optionRow">                                                      <div class="columnLeft"><span class="quantityUnderThreshold-selector"></span></div>                                                      <div class="columnRight"><span class="priceWithDiscountUnderThreshold-selector"></span></div>                                                  </div>                                              </div>                                          </div>                                                                                    </div>                                          <div class="clearBoth"></div>                                          <div class="productIcons containerIcons">                                                                                        <div class="icons">                                                  <div class="icon">                                                  <div class="productIconWithMeasure"></div>                                                </div>                                                <div class="icon ">                                                  <div class="productIconWithMeasure"></div>                                                </div>                                              </div>                                                                                                                      <div class="discountMessage">                                                              <!-- Discounts original (esta classe deve existir para que o ícone grande funcione) -->                                                              <div class="discountCard" style="display:none">                                                                  <div class="productIcon continenteCard"></div>                                                                  <div class="cardDiscountText">                                                                      <span class="iconDiscountText"></span>                                                                      <span class="discountType Value" style="display:none">                                                                          €                                                          </span>                                                          <span class="discountValue"></span>                                                          <span class="discountType Percentage" style="display:none">                                                              %                                                          </span>                                                      </div>                                                  </div>                                              </div>                                                                                                                                                                                </div>                                                      <div class="clearBoth"></div>                                                      <div class="productQuantityArea">                                                                                                                                <div class="addToBasketUnit">                                                                      <div class="unitsTextBoxArea">                                                                                                                                                <input name="unitsToAdd" class="item_qty unitsTextBox" type="text" value="1" maxlength="3">                                                                                                                                            </div>                                                                      <div class="addRemoveUnits">                                                                                                                                                        <div class="addUnits "><input class="increase-ItemQuantityWithOutUpdate" type="button" title="Add"></div>                                                                              <div class="removeUnits"><input class="decrease-ItemQuantityWithOutUpdate" type="button" title="Remove"></div>                                                                                                                                </div>                                                          </div>                                                            <div class="productActionButtonsArea _addToListBtnWrapper ecsf_add_product_to_shopping_list">                                                              <div class="reserveButtonContainer actionButtonArea">                                                                                                                                                                                                                  <div class="reserveButton ecsf_QuerySuggestions _showNotLoggedPopup">Reservar</div>                                                                                                                                                                                                                          </div>                                                                          <div class="actionButtonArea">                                                                              <div class="buttonLeftBorder"></div>                                                                                                                                                                                                                                                                                                                                                <input class="button add-ToBasket anonBasket ecsf_QuerySuggestions" type="button" name="AddToBasket" value="Carrinho">                                                                                                                                                                                                                                                                                                                                                                                                                  <div class="buttonRightBorder"></div>                                                                      </div>                                                                      <div class="actionButtonArea last">                                                                          <div class="grayButtonLeftBorder"></div>                                                                                                                                                        <input class="grayButton ecsf_QuerySuggestions _showNotLoggedPopup" type="button" name="List" value="Lista">                                                                                                                                                <div class="grayButtonRightBorder"></div>                                                                  </div>                                                                </div>                                                                                                              </div>                                                          </div>                                                            <div class="clearBoth"></div>                                                                                                                                              </div>                              </div>                                                                                     <div class="productItem">                                                            <div class="productBox basketWrapper Continente ecsf_product_icons ecsf_add_product_to_basket">        <input class="IsAlreadyInBasket" type="hidden" value="false">        <input class="item_pid" type="hidden" value="2901269(eCsf_RetekProductCatalog_MegastoreContinenteOnline_Continente)">      <input class="item_variantId" type="hidden" value="">      <input class="item_originalSalesUnit" type="hidden" value="Unit">      <input class="item_channelId" type="hidden" value="1">      <input class="item_unitConversionRate" type="hidden" value="0.0">      <input class="item_listPrice" type="hidden" value="3.99">      <input class="item_requestedSalesUnit" type="hidden" value="Unit">      <input class="item_originalAlternativeSalesUnit" type="hidden" value="" name="originalAlternativeSalesUnit">      <input class="AvailabilityInDays" type="hidden" value="0">        <input class="IsInPromotion" type="hidden" value="false">      <input class="DeferredDelivery" type="hidden" value="0">      <input class="RelatedProductsAggregated" type="hidden" value="">        <input class="HasABuyXGetYFreeDiscount" type="hidden" value="false">      <!--<input _tmplitem="66"  class="IsOwnBrandProduct" type="hidden" value="false"/>      <input _tmplitem="66"  class="IsOwnBrandSelectedProduct" type="hidden" value="false"/>      <input _tmplitem="66"  class="IsAManufacturerClubProduct" type="hidden" value="false"/>      <input _tmplitem="66"  class="IsATopTenProduct" type="hidden" value="false"/>      <input _tmplitem="66"  class="IsAGourmetProduct" type="hidden" value="false"/>      <input _tmplitem="66"  class="IsABiologicProduct" type="hidden" value="false"/>      <input _tmplitem="66"  class="IsANationalProduct" type="hidden" value="false"/>      <input _tmplitem="66"  class="IsAGlutenFreeProduct" type="hidden" value="false"/>      <input _tmplitem="66"  class="IsALactoseFreeProduct" type="hidden" value="false"/>      <input _tmplitem="66"  class="IsANewProduct" type="hidden" value="false"/>      <input _tmplitem="66"  class="IsInPromotion" type="hidden" value="false"/>      <input _tmplitem="66"  class="IsATopTenProduct" type="hidden" value="false"/>      <input _tmplitem="66"  class="IsADonationEnabledProduct" type="hidden" value="false"/>      <input _tmplitem="66"  class="IsACheapProduct" type="hidden" value="false"/>      <input _tmplitem="66"  class="IsAnExclusiveProduct" type="hidden" value="false"/>-->        <input class="ItemLevelDiscountAmount" type="hidden" value="">      <input class="ItemLevelLoyaltyDiscountAmount" type="hidden" value="">        <input class="HasWebDiscounts" type="hidden" value="false">      <input class="WebDiscountStartDate" type="hidden" value="">      <input class="WebDiscountEndDate" type="hidden" value="">      <input class="WebDiscountValue" type="hidden" value="">      <input class="WebDiscountIcon" type="hidden" value="">      <input class="WebDiscountQuantity" type="hidden" value="">      <input class="HasRetekDiscounts" type="hidden" value="false">      <input class="RetekDiscountStartDate" type="hidden" value="Tue Sep 06 2016 01:00:00 GMT+0100 (Western European Summer Time)">      <input class="RetekDiscountEndDate" type="hidden" value="Tue Sep 13 2016 00:59:59 GMT+0100 (Western European Summer Time)">      <input class="WebDiscountType" type="hidden" value="">      <input class="RetekDiscountValue" type="hidden" value="25.0000">      <input class="RetekDiscountIcon" type="hidden" value="superPriceIcon">      <input class="RetekDiscountType" type="hidden" value="Percentage">        <input class="HasIsolateShipment" type="hidden" value="">      <input class="HasTaxFree" type="hidden" value="">      <input class="HasCashcardPaymentNotAvailable" type="hidden" value="">      <input class="HasProductGift" type="hidden" value="">      <input class="HasGift" type="hidden" value="">      <input class="HasMoreDetail" type="hidden" value="">        <input class="OriginalListPriceTax" type="hidden" value="0.2258">      <input class="OriginalListPrice" type="hidden" value="3.99">      <input class="PriceCapacityRatioTax" type="hidden" value="3.7642">      <input class="PriceCapacityRatio" type="hidden" value="66.5">      <input class="WebDiscountValueTax" type="hidden" value="0.0">      <input class="RetekDiscountValueTax" type="hidden" value="0.0">      <input class="InventoryCondition" type="hidden" value="0">        <input class="MaxNumberOfUnitsPerSale" type="hidden" value="50">      <input class="MinNumberOfUnitsPerSale" type="hidden" value="1">                                                                                                                                      <input class="showPricesWithTax" type="hidden" value="true">              <input class="pIcons" type="hidden" value="00000000000000000000">    <div class="productBoxTop">        <div class="containerImage">          <div class="image">                        <a href="https://www.continente.pt/stores/continente/pt-pt/public/Pages/ProductDetail.aspx?ProductId=2901269(eCsf_RetekProductCatalog_MegastoreContinenteOnline_Continente)&amp;refiner=%23%2F%3Fpl%3D40" class="ecsf_QuerySuggestions">                                        <img class="lazy" width="150" heigh="150" data-original="https://media.continente.pt/Sonae.eGlobal.Presentation.Web.Media/media.axd?resourceSearchType=2&amp;resource=ProductId=2901269(eCsf$RetekProductCatalog$MegastoreContinenteOnline$Continente)&amp;siteId=1&amp;channelId=1&amp;width=150&amp;height=150&amp;defaultOptions=1" src="https://media.continente.pt/Sonae.eGlobal.Presentation.Web.Media/media.axd?resourceSearchType=2&amp;resource=ProductId=2901269(eCsf$RetekProductCatalog$MegastoreContinenteOnline$Continente)&amp;siteId=1&amp;channelId=1&amp;width=150&amp;height=150&amp;defaultOptions=1" alt="Canela Pau P/Café" style="display: inline;">                                </a>                                                  </div>          <div class="discountIcon productIcons">            <div class="largeIcon">              <div class="productDiscountLargeIcon">                                  </div>            </div>                      </div>      </div>      <div class="clearBoth"></div>      <div class="containerDescription">          <div class="title">                                <a class="ecsf_QuerySuggestions" href="https://www.continente.pt/stores/continente/pt-pt/public/Pages/ProductDetail.aspx?ProductId=2901269(eCsf_RetekProductCatalog_MegastoreContinenteOnline_Continente)&amp;refiner=%23%2F%3Fpl%3D40" title="Canela Pau P/Café">Canela Pau P/Café</a>                        </div>          <div class="type">Margão</div>          <div class="subTitle">                            frasco 60 gr                                </div>              </div>                <div class="containerPrice">                                 <div class="standardPriceContainer-selector">                       <div class="priceFirstRow">                      €                  3,99                                        <span> /un</span>              </div>                                              <div class="priceSecondRow">                          €                                                                                        66,50                                                                                                                                                       <span> /kg</span>                              </div>                                                                        </div>                                           <div class="containerPriceQuantity containerPriceQuantity-selector" style="display: none;">                                              <div class="title">Desconto em quantidade</div>                                              <div class="optionsTable">                                                  <div class="optionRow">                                                      <div class="columnLeft"><span class="quantityOverThreshold-selector"></span></div>                                                      <div class="columnRight"><span class="priceWithDiscountOverThreshold-selector"></span></div>                                                  </div>                                                  <div class="optionRow">                                                      <div class="columnLeft"><span class="quantityUnderThreshold-selector"></span></div>                                                      <div class="columnRight"><span class="priceWithDiscountUnderThreshold-selector"></span></div>                                                  </div>                                              </div>                                          </div>                                                                                    </div>                                          <div class="clearBoth"></div>                                          <div class="productIcons containerIcons">                                                                                        <div class="icons">                                                  <div class="icon">                                                  <div class="productIconWithMeasure"></div>                                                </div>                                                <div class="icon ">                                                  <div class="productIconWithMeasure"></div>                                                </div>                                              </div>                                                                                                                      <div class="discountMessage">                                                              <!-- Discounts original (esta classe deve existir para que o ícone grande funcione) -->                                                              <div class="discountCard" style="display:none">                                                                  <div class="productIcon continenteCard"></div>                                                                  <div class="cardDiscountText">                                                                      <span class="iconDiscountText"></span>                                                                      <span class="discountType Value" style="display:none">                                                                          €                                                          </span>                                                          <span class="discountValue"></span>                                                          <span class="discountType Percentage" style="display:none">                                                              %                                                          </span>                                                      </div>                                                  </div>                                              </div>                                                                                                                                                                                </div>                                                      <div class="clearBoth"></div>                                                      <div class="productQuantityArea">                                                                                                                                <div class="addToBasketUnit">                                                                      <div class="unitsTextBoxArea">                                                                                                                                                <input name="unitsToAdd" class="item_qty unitsTextBox" type="text" value="1" maxlength="3">                                                                                                                                            </div>                                                                      <div class="addRemoveUnits">                                                                                                                                                        <div class="addUnits "><input class="increase-ItemQuantityWithOutUpdate" type="button" title="Add"></div>                                                                              <div class="removeUnits"><input class="decrease-ItemQuantityWithOutUpdate" type="button" title="Remove"></div>                                                                                                                                </div>                                                          </div>                                                            <div class="productActionButtonsArea _addToListBtnWrapper ecsf_add_product_to_shopping_list">                                                              <div class="reserveButtonContainer actionButtonArea">                                                                                                                                                                                                                  <div class="reserveButton ecsf_QuerySuggestions _showNotLoggedPopup">Reservar</div>                                                                                                                                                                                                                          </div>                                                                          <div class="actionButtonArea">                                                                              <div class="buttonLeftBorder"></div>                                                                                                                                                                                                                                                                                                                                                <input class="button add-ToBasket anonBasket ecsf_QuerySuggestions" type="button" name="AddToBasket" value="Carrinho">                                                                                                                                                                                                                                                                                                                                                                                                                  <div class="buttonRightBorder"></div>                                                                      </div>                                                                      <div class="actionButtonArea last">                                                                          <div class="grayButtonLeftBorder"></div>                                                                                                                                                        <input class="grayButton ecsf_QuerySuggestions _showNotLoggedPopup" type="button" name="List" value="Lista">                                                                                                                                                <div class="grayButtonRightBorder"></div>                                                                  </div>                                                                </div>                                                                                                              </div>                                                          </div>                                                            <div class="clearBoth"></div>                                                                                                                                              </div>                              </div>                                                                                     <div class="productItem">                                                            <div class="productBox basketWrapper Continente ecsf_product_icons ecsf_add_product_to_basket">        <input class="IsAlreadyInBasket" type="hidden" value="false">        <input class="item_pid" type="hidden" value="5048067(eCsf_RetekProductCatalog_MegastoreContinenteOnline_Continente)">      <input class="item_variantId" type="hidden" value="">      <input class="item_originalSalesUnit" type="hidden" value="Unit">      <input class="item_channelId" type="hidden" value="1">      <input class="item_unitConversionRate" type="hidden" value="">      <input class="item_listPrice" type="hidden" value="2.19">      <input class="item_requestedSalesUnit" type="hidden" value="Unit">      <input class="item_originalAlternativeSalesUnit" type="hidden" value="" name="originalAlternativeSalesUnit">      <input class="AvailabilityInDays" type="hidden" value="0">        <input class="IsInPromotion" type="hidden" value="false">      <input class="DeferredDelivery" type="hidden" value="0">      <input class="RelatedProductsAggregated" type="hidden" value="">        <input class="HasABuyXGetYFreeDiscount" type="hidden" value="false">      <!--<input _tmplitem="67"  class="IsOwnBrandProduct" type="hidden" value="false"/>      <input _tmplitem="67"  class="IsOwnBrandSelectedProduct" type="hidden" value="false"/>      <input _tmplitem="67"  class="IsAManufacturerClubProduct" type="hidden" value="false"/>      <input _tmplitem="67"  class="IsATopTenProduct" type="hidden" value="false"/>      <input _tmplitem="67"  class="IsAGourmetProduct" type="hidden" value="false"/>      <input _tmplitem="67"  class="IsABiologicProduct" type="hidden" value="false"/>      <input _tmplitem="67"  class="IsANationalProduct" type="hidden" value="false"/>      <input _tmplitem="67"  class="IsAGlutenFreeProduct" type="hidden" value="false"/>      <input _tmplitem="67"  class="IsALactoseFreeProduct" type="hidden" value="false"/>      <input _tmplitem="67"  class="IsANewProduct" type="hidden" value="false"/>      <input _tmplitem="67"  class="IsInPromotion" type="hidden" value="false"/>      <input _tmplitem="67"  class="IsATopTenProduct" type="hidden" value="false"/>      <input _tmplitem="67"  class="IsADonationEnabledProduct" type="hidden" value="false"/>      <input _tmplitem="67"  class="IsACheapProduct" type="hidden" value="false"/>      <input _tmplitem="67"  class="IsAnExclusiveProduct" type="hidden" value="false"/>-->        <input class="ItemLevelDiscountAmount" type="hidden" value="">      <input class="ItemLevelLoyaltyDiscountAmount" type="hidden" value="">        <input class="HasWebDiscounts" type="hidden" value="false">      <input class="WebDiscountStartDate" type="hidden" value="">      <input class="WebDiscountEndDate" type="hidden" value="">      <input class="WebDiscountValue" type="hidden" value="">      <input class="WebDiscountIcon" type="hidden" value="">      <input class="WebDiscountQuantity" type="hidden" value="">      <input class="HasRetekDiscounts" type="hidden" value="false">      <input class="RetekDiscountStartDate" type="hidden" value="Fri Feb 24 2017 00:00:00 GMT+0000 (Western European Standard Time)">      <input class="RetekDiscountEndDate" type="hidden" value="Tue Feb 28 2017 23:59:59 GMT+0000 (Western European Standard Time)">      <input class="WebDiscountType" type="hidden" value="">      <input class="RetekDiscountValue" type="hidden" value="15.0000">      <input class="RetekDiscountIcon" type="hidden" value="superPriceIcon">      <input class="RetekDiscountType" type="hidden" value="Percentage">        <input class="HasIsolateShipment" type="hidden" value="">      <input class="HasTaxFree" type="hidden" value="">      <input class="HasCashcardPaymentNotAvailable" type="hidden" value="">      <input class="HasProductGift" type="hidden" value="">      <input class="HasGift" type="hidden" value="">      <input class="HasMoreDetail" type="hidden" value="">        <input class="OriginalListPriceTax" type="hidden" value="0.4095">      <input class="OriginalListPrice" type="hidden" value="2.19">      <input class="PriceCapacityRatioTax" type="hidden" value="10.2378">      <input class="PriceCapacityRatio" type="hidden" value="54.75">      <input class="WebDiscountValueTax" type="hidden" value="0.0">      <input class="RetekDiscountValueTax" type="hidden" value="0.0">      <input class="InventoryCondition" type="hidden" value="0">        <input class="MaxNumberOfUnitsPerSale" type="hidden" value="50">      <input class="MinNumberOfUnitsPerSale" type="hidden" value="1">                                                                                                                                      <input class="showPricesWithTax" type="hidden" value="true">              <input class="pIcons" type="hidden" value="00000000000000000000">    <div class="productBoxTop">        <div class="containerImage">          <div class="image">                        <a href="https://www.continente.pt/stores/continente/pt-pt/public/Pages/ProductDetail.aspx?ProductId=5048067(eCsf_RetekProductCatalog_MegastoreContinenteOnline_Continente)&amp;refiner=%23%2F%3Fpl%3D40" class="ecsf_QuerySuggestions">                                        <img class="lazy" width="150" heigh="150" data-original="https://media.continente.pt/Sonae.eGlobal.Presentation.Web.Media/media.axd?resourceSearchType=2&amp;resource=ProductId=5048067(eCsf$RetekProductCatalog$MegastoreContinenteOnline$Continente)&amp;siteId=1&amp;channelId=1&amp;width=150&amp;height=150&amp;defaultOptions=1" src="https://media.continente.pt/Sonae.eGlobal.Presentation.Web.Media/media.axd?resourceSearchType=2&amp;resource=ProductId=5048067(eCsf$RetekProductCatalog$MegastoreContinenteOnline$Continente)&amp;siteId=1&amp;channelId=1&amp;width=150&amp;height=150&amp;defaultOptions=1" alt="Cravinho Moído Saqueta" style="display: inline;">                                </a>                                                  </div>          <div class="discountIcon productIcons">            <div class="largeIcon">              <div class="productDiscountLargeIcon">                                  </div>            </div>                      </div>      </div>      <div class="clearBoth"></div>      <div class="containerDescription">          <div class="title">                                <a class="ecsf_QuerySuggestions" href="https://www.continente.pt/stores/continente/pt-pt/public/Pages/ProductDetail.aspx?ProductId=5048067(eCsf_RetekProductCatalog_MegastoreContinenteOnline_Continente)&amp;refiner=%23%2F%3Fpl%3D40" title="Cravinho Moído Saqueta">Cravinho Moído Saqueta</a>                        </div>          <div class="type">Margão</div>          <div class="subTitle">                            emb. 40 gr                                </div>              </div>                <div class="containerPrice">                                 <div class="standardPriceContainer-selector">                       <div class="priceFirstRow">                      €                  2,19                                        <span> /un</span>              </div>                                              <div class="priceSecondRow">                          €                                                                                        54,75                                                                                                                                                       <span> /kg</span>                              </div>                                                                        </div>                                           <div class="containerPriceQuantity containerPriceQuantity-selector" style="display: none;">                                              <div class="title">Desconto em quantidade</div>                                              <div class="optionsTable">                                                  <div class="optionRow">                                                      <div class="columnLeft"><span class="quantityOverThreshold-selector"></span></div>                                                      <div class="columnRight"><span class="priceWithDiscountOverThreshold-selector"></span></div>                                                  </div>                                                  <div class="optionRow">                                                      <div class="columnLeft"><span class="quantityUnderThreshold-selector"></span></div>                                                      <div class="columnRight"><span class="priceWithDiscountUnderThreshold-selector"></span></div>                                                  </div>                                              </div>                                          </div>                                                                                    </div>                                          <div class="clearBoth"></div>                                          <div class="productIcons containerIcons">                                                                                        <div class="icons">                                                  <div class="icon">                                                  <div class="productIconWithMeasure"></div>                                                </div>                                                <div class="icon ">                                                  <div class="productIconWithMeasure"></div>                                                </div>                                              </div>                                                                                                                      <div class="discountMessage">                                                              <!-- Discounts original (esta classe deve existir para que o ícone grande funcione) -->                                                              <div class="discountCard" style="display:none">                                                                  <div class="productIcon continenteCard"></div>                                                                  <div class="cardDiscountText">                                                                      <span class="iconDiscountText"></span>                                                                      <span class="discountType Value" style="display:none">                                                                          €                                                          </span>                                                          <span class="discountValue"></span>                                                          <span class="discountType Percentage" style="display:none">                                                              %                                                          </span>                                                      </div>                                                  </div>                                              </div>                                                                                                                                                                                </div>                                                      <div class="clearBoth"></div>                                                      <div class="productQuantityArea">                                                                                                                                <div class="addToBasketUnit">                                                                      <div class="unitsTextBoxArea">                                                                                                                                                <input name="unitsToAdd" class="item_qty unitsTextBox" type="text" value="1" maxlength="3">                                                                                                                                            </div>                                                                      <div class="addRemoveUnits">                                                                                                                                                        <div class="addUnits "><input class="increase-ItemQuantityWithOutUpdate" type="button" title="Add"></div>                                                                              <div class="removeUnits"><input class="decrease-ItemQuantityWithOutUpdate" type="button" title="Remove"></div>                                                                                                                                </div>                                                          </div>                                                            <div class="productActionButtonsArea _addToListBtnWrapper ecsf_add_product_to_shopping_list">                                                              <div class="reserveButtonContainer actionButtonArea">                                                                                                                                                                                                                  <div class="reserveButton ecsf_QuerySuggestions _showNotLoggedPopup">Reservar</div>                                                                                                                                                                                                                          </div>                                                                          <div class="actionButtonArea">                                                                              <div class="buttonLeftBorder"></div>                                                                                                                                                                                                                                                                                                                                                <input class="button add-ToBasket anonBasket ecsf_QuerySuggestions" type="button" name="AddToBasket" value="Carrinho">                                                                                                                                                                                                                                                                                                                                                                                                                  <div class="buttonRightBorder"></div>                                                                      </div>                                                                      <div class="actionButtonArea last">                                                                          <div class="grayButtonLeftBorder"></div>                                                                                                                                                        <input class="grayButton ecsf_QuerySuggestions _showNotLoggedPopup" type="button" name="List" value="Lista">                                                                                                                                                <div class="grayButtonRightBorder"></div>                                                                  </div>                                                                </div>                                                                                                              </div>                                                          </div>                                                            <div class="clearBoth"></div>                                                                                                                                              </div>                              </div>                                                                                     <div class="productItem">                                                            <div class="productBox basketWrapper Continente ecsf_product_icons ecsf_add_product_to_basket">        <input class="IsAlreadyInBasket" type="hidden" value="false">        <input class="item_pid" type="hidden" value="2003415(eCsf_RetekProductCatalog_MegastoreContinenteOnline_Continente)">      <input class="item_variantId" type="hidden" value="">      <input class="item_originalSalesUnit" type="hidden" value="Unit">      <input class="item_channelId" type="hidden" value="1">      <input class="item_unitConversionRate" type="hidden" value="0.0">      <input class="item_listPrice" type="hidden" value="1.79">      <input class="item_requestedSalesUnit" type="hidden" value="Unit">      <input class="item_originalAlternativeSalesUnit" type="hidden" value="" name="originalAlternativeSalesUnit">      <input class="AvailabilityInDays" type="hidden" value="0">        <input class="IsInPromotion" type="hidden" value="false">      <input class="DeferredDelivery" type="hidden" value="0">      <input class="RelatedProductsAggregated" type="hidden" value="">        <input class="HasABuyXGetYFreeDiscount" type="hidden" value="false">      <!--<input _tmplitem="68"  class="IsOwnBrandProduct" type="hidden" value="false"/>      <input _tmplitem="68"  class="IsOwnBrandSelectedProduct" type="hidden" value="false"/>      <input _tmplitem="68"  class="IsAManufacturerClubProduct" type="hidden" value="false"/>      <input _tmplitem="68"  class="IsATopTenProduct" type="hidden" value="false"/>      <input _tmplitem="68"  class="IsAGourmetProduct" type="hidden" value="false"/>      <input _tmplitem="68"  class="IsABiologicProduct" type="hidden" value="false"/>      <input _tmplitem="68"  class="IsANationalProduct" type="hidden" value="false"/>      <input _tmplitem="68"  class="IsAGlutenFreeProduct" type="hidden" value="false"/>      <input _tmplitem="68"  class="IsALactoseFreeProduct" type="hidden" value="false"/>      <input _tmplitem="68"  class="IsANewProduct" type="hidden" value="false"/>      <input _tmplitem="68"  class="IsInPromotion" type="hidden" value="false"/>      <input _tmplitem="68"  class="IsATopTenProduct" type="hidden" value="false"/>      <input _tmplitem="68"  class="IsADonationEnabledProduct" type="hidden" value="false"/>      <input _tmplitem="68"  class="IsACheapProduct" type="hidden" value="false"/>      <input _tmplitem="68"  class="IsAnExclusiveProduct" type="hidden" value="false"/>-->        <input class="ItemLevelDiscountAmount" type="hidden" value="">      <input class="ItemLevelLoyaltyDiscountAmount" type="hidden" value="">        <input class="HasWebDiscounts" type="hidden" value="false">      <input class="WebDiscountStartDate" type="hidden" value="">      <input class="WebDiscountEndDate" type="hidden" value="">      <input class="WebDiscountValue" type="hidden" value="">      <input class="WebDiscountIcon" type="hidden" value="">      <input class="WebDiscountQuantity" type="hidden" value="">      <input class="HasRetekDiscounts" type="hidden" value="false">      <input class="RetekDiscountStartDate" type="hidden" value="Tue Sep 06 2016 01:00:00 GMT+0100 (Western European Summer Time)">      <input class="RetekDiscountEndDate" type="hidden" value="Tue Sep 13 2016 00:59:59 GMT+0100 (Western European Summer Time)">      <input class="WebDiscountType" type="hidden" value="">      <input class="RetekDiscountValue" type="hidden" value="25.0000">      <input class="RetekDiscountIcon" type="hidden" value="superPriceIcon">      <input class="RetekDiscountType" type="hidden" value="Percentage">        <input class="HasIsolateShipment" type="hidden" value="">      <input class="HasTaxFree" type="hidden" value="">      <input class="HasCashcardPaymentNotAvailable" type="hidden" value="">      <input class="HasProductGift" type="hidden" value="">      <input class="HasGift" type="hidden" value="">      <input class="HasMoreDetail" type="hidden" value="">        <input class="OriginalListPriceTax" type="hidden" value="0.3347">      <input class="OriginalListPrice" type="hidden" value="1.79">      <input class="PriceCapacityRatioTax" type="hidden" value="8.3679">      <input class="PriceCapacityRatio" type="hidden" value="44.75">      <input class="WebDiscountValueTax" type="hidden" value="0.0">      <input class="RetekDiscountValueTax" type="hidden" value="0.0">      <input class="InventoryCondition" type="hidden" value="0">        <input class="MaxNumberOfUnitsPerSale" type="hidden" value="50">      <input class="MinNumberOfUnitsPerSale" type="hidden" value="1">                                                                                                                                      <input class="showPricesWithTax" type="hidden" value="true">              <input class="pIcons" type="hidden" value="00000000000000000000">    <div class="productBoxTop">        <div class="containerImage">          <div class="image">                        <a href="https://www.continente.pt/stores/continente/pt-pt/public/Pages/ProductDetail.aspx?ProductId=2003415(eCsf_RetekProductCatalog_MegastoreContinenteOnline_Continente)&amp;refiner=%23%2F%3Fpl%3D40" class="ecsf_QuerySuggestions">                                        <img class="lazy" width="150" heigh="150" data-original="https://media.continente.pt/Sonae.eGlobal.Presentation.Web.Media/media.axd?resourceSearchType=2&amp;resource=ProductId=2003415(eCsf$RetekProductCatalog$MegastoreContinenteOnline$Continente)&amp;siteId=1&amp;channelId=1&amp;width=150&amp;height=150&amp;defaultOptions=1" src="https://media.continente.pt/Sonae.eGlobal.Presentation.Web.Media/media.axd?resourceSearchType=2&amp;resource=ProductId=2003415(eCsf$RetekProductCatalog$MegastoreContinenteOnline$Continente)&amp;siteId=1&amp;channelId=1&amp;width=150&amp;height=150&amp;defaultOptions=1" alt="Paprika" style="display: inline;">                                </a>                                                  </div>          <div class="discountIcon productIcons">            <div class="largeIcon">              <div class="productDiscountLargeIcon">                                  </div>            </div>                      </div>      </div>      <div class="clearBoth"></div>      <div class="containerDescription">          <div class="title">                                <a class="ecsf_QuerySuggestions" href="https://www.continente.pt/stores/continente/pt-pt/public/Pages/ProductDetail.aspx?ProductId=2003415(eCsf_RetekProductCatalog_MegastoreContinenteOnline_Continente)&amp;refiner=%23%2F%3Fpl%3D40" title="Paprika">Paprika</a>                        </div>          <div class="type">Margão</div>          <div class="subTitle">                            emb. 40 gr                                </div>              </div>                <div class="containerPrice">                                 <div class="standardPriceContainer-selector">                       <div class="priceFirstRow">                      €                  1,79                                        <span> /un</span>              </div>                                              <div class="priceSecondRow">                          €                                                                                        44,75                                                                                                                                                       <span> /kg</span>                              </div>                                                                        </div>                                           <div class="containerPriceQuantity containerPriceQuantity-selector" style="display: none;">                                              <div class="title">Desconto em quantidade</div>                                              <div class="optionsTable">                                                  <div class="optionRow">                                                      <div class="columnLeft"><span class="quantityOverThreshold-selector"></span></div>                                                      <div class="columnRight"><span class="priceWithDiscountOverThreshold-selector"></span></div>                                                  </div>                                                  <div class="optionRow">                                                      <div class="columnLeft"><span class="quantityUnderThreshold-selector"></span></div>                                                      <div class="columnRight"><span class="priceWithDiscountUnderThreshold-selector"></span></div>                                                  </div>                                              </div>                                          </div>                                                                                    </div>                                          <div class="clearBoth"></div>                                          <div class="productIcons containerIcons">                                                                                        <div class="icons">                                                  <div class="icon">                                                  <div class="productIconWithMeasure"></div>                                                </div>                                                <div class="icon ">                                                  <div class="productIconWithMeasure"></div>                                                </div>                                              </div>                                                                                                                      <div class="discountMessage">                                                              <!-- Discounts original (esta classe deve existir para que o ícone grande funcione) -->                                                              <div class="discountCard" style="display:none">                                                                  <div class="productIcon continenteCard"></div>                                                                  <div class="cardDiscountText">                                                                      <span class="iconDiscountText"></span>                                                                      <span class="discountType Value" style="display:none">                                                                          €                                                          </span>                                                          <span class="discountValue"></span>                                                          <span class="discountType Percentage" style="display:none">                                                              %                                                          </span>                                                      </div>                                                  </div>                                              </div>                                                                                                                                                                                </div>                                                      <div class="clearBoth"></div>                                                      <div class="productQuantityArea">                                                                                                                                <div class="addToBasketUnit">                                                                      <div class="unitsTextBoxArea">                                                                                                                                                <input name="unitsToAdd" class="item_qty unitsTextBox" type="text" value="1" maxlength="3">                                                                                                                                            </div>                                                                      <div class="addRemoveUnits">                                                                                                                                                        <div class="addUnits "><input class="increase-ItemQuantityWithOutUpdate" type="button" title="Add"></div>                                                                              <div class="removeUnits"><input class="decrease-ItemQuantityWithOutUpdate" type="button" title="Remove"></div>                                                                                                                                </div>                                                          </div>                                                            <div class="productActionButtonsArea _addToListBtnWrapper ecsf_add_product_to_shopping_list">                                                              <div class="reserveButtonContainer actionButtonArea">                                                                                                                                                                                                                  <div class="reserveButton ecsf_QuerySuggestions _showNotLoggedPopup">Reservar</div>                                                                                                                                                                                                                          </div>                                                                          <div class="actionButtonArea">                                                                              <div class="buttonLeftBorder"></div>                                                                                                                                                                                                                                                                                                                                                <input class="button add-ToBasket anonBasket ecsf_QuerySuggestions" type="button" name="AddToBasket" value="Carrinho">                                                                                                                                                                                                                                                                                                                                                                                                                  <div class="buttonRightBorder"></div>                                                                      </div>                                                                      <div class="actionButtonArea last">                                                                          <div class="grayButtonLeftBorder"></div>                                                                                                                                                        <input class="grayButton ecsf_QuerySuggestions _showNotLoggedPopup" type="button" name="List" value="Lista">                                                                                                                                                <div class="grayButtonRightBorder"></div>                                                                  </div>                                                                </div>                                                                                                              </div>                                                          </div>                                                            <div class="clearBoth"></div>                                                                                                                                              </div>                              </div>                                                                                     <div class="productItem last">                                                            <div class="productBox basketWrapper Continente ecsf_product_icons ecsf_add_product_to_basket">        <input class="IsAlreadyInBasket" type="hidden" value="false">        <input class="item_pid" type="hidden" value="2725521(eCsf_RetekProductCatalog_MegastoreContinenteOnline_Continente)">      <input class="item_variantId" type="hidden" value="">      <input class="item_originalSalesUnit" type="hidden" value="Unit">      <input class="item_channelId" type="hidden" value="1">      <input class="item_unitConversionRate" type="hidden" value="">      <input class="item_listPrice" type="hidden" value="2.99">      <input class="item_requestedSalesUnit" type="hidden" value="Unit">      <input class="item_originalAlternativeSalesUnit" type="hidden" value="" name="originalAlternativeSalesUnit">      <input class="AvailabilityInDays" type="hidden" value="0">        <input class="IsInPromotion" type="hidden" value="false">      <input class="DeferredDelivery" type="hidden" value="0">      <input class="RelatedProductsAggregated" type="hidden" value="">        <input class="HasABuyXGetYFreeDiscount" type="hidden" value="false">      <!--<input _tmplitem="69"  class="IsOwnBrandProduct" type="hidden" value="false"/>      <input _tmplitem="69"  class="IsOwnBrandSelectedProduct" type="hidden" value="false"/>      <input _tmplitem="69"  class="IsAManufacturerClubProduct" type="hidden" value="false"/>      <input _tmplitem="69"  class="IsATopTenProduct" type="hidden" value="false"/>      <input _tmplitem="69"  class="IsAGourmetProduct" type="hidden" value="false"/>      <input _tmplitem="69"  class="IsABiologicProduct" type="hidden" value="false"/>      <input _tmplitem="69"  class="IsANationalProduct" type="hidden" value="false"/>      <input _tmplitem="69"  class="IsAGlutenFreeProduct" type="hidden" value="false"/>      <input _tmplitem="69"  class="IsALactoseFreeProduct" type="hidden" value="false"/>      <input _tmplitem="69"  class="IsANewProduct" type="hidden" value="false"/>      <input _tmplitem="69"  class="IsInPromotion" type="hidden" value="false"/>      <input _tmplitem="69"  class="IsATopTenProduct" type="hidden" value="false"/>      <input _tmplitem="69"  class="IsADonationEnabledProduct" type="hidden" value="false"/>      <input _tmplitem="69"  class="IsACheapProduct" type="hidden" value="false"/>      <input _tmplitem="69"  class="IsAnExclusiveProduct" type="hidden" value="false"/>-->        <input class="ItemLevelDiscountAmount" type="hidden" value="">      <input class="ItemLevelLoyaltyDiscountAmount" type="hidden" value="">        <input class="HasWebDiscounts" type="hidden" value="false">      <input class="WebDiscountStartDate" type="hidden" value="Mon Jul 14 2014 01:01:01 GMT+0100 (Western European Summer Time)">      <input class="WebDiscountEndDate" type="hidden" value="Tue Jul 22 2014 00:59:59 GMT+0100 (Western European Summer Time)">      <input class="WebDiscountValue" type="hidden" value="25">      <input class="WebDiscountIcon" type="hidden" value="superPriceIcon">      <input class="WebDiscountQuantity" type="hidden" value="">      <input class="HasRetekDiscounts" type="hidden" value="false">      <input class="RetekDiscountStartDate" type="hidden" value="Tue Aug 14 2018 01:00:00 GMT+0100 (Western European Summer Time)">      <input class="RetekDiscountEndDate" type="hidden" value="Tue Aug 21 2018 00:59:59 GMT+0100 (Western European Summer Time)">      <input class="WebDiscountType" type="hidden" value="Percentage">      <input class="RetekDiscountValue" type="hidden" value="15.0000">      <input class="RetekDiscountIcon" type="hidden" value="superPriceIcon">      <input class="RetekDiscountType" type="hidden" value="Percentage">        <input class="HasIsolateShipment" type="hidden" value="">      <input class="HasTaxFree" type="hidden" value="">      <input class="HasCashcardPaymentNotAvailable" type="hidden" value="">      <input class="HasProductGift" type="hidden" value="">      <input class="HasGift" type="hidden" value="">      <input class="HasMoreDetail" type="hidden" value="">        <input class="OriginalListPriceTax" type="hidden" value="0.1692">      <input class="OriginalListPrice" type="hidden" value="2.99">      <input class="PriceCapacityRatioTax" type="hidden" value="6.7698">      <input class="PriceCapacityRatio" type="hidden" value="119.6">      <input class="WebDiscountValueTax" type="hidden" value="0.0">      <input class="RetekDiscountValueTax" type="hidden" value="0.0">      <input class="InventoryCondition" type="hidden" value="0">        <input class="MaxNumberOfUnitsPerSale" type="hidden" value="50">      <input class="MinNumberOfUnitsPerSale" type="hidden" value="1">                                                                                                                                      <input class="showPricesWithTax" type="hidden" value="true">              <input class="pIcons" type="hidden" value="00000000000000000000">    <div class="productBoxTop">        <div class="containerImage">          <div class="image">                        <a href="https://www.continente.pt/stores/continente/pt-pt/public/Pages/ProductDetail.aspx?ProductId=2725521(eCsf_RetekProductCatalog_MegastoreContinenteOnline_Continente)&amp;refiner=%23%2F%3Fpl%3D40" class="ecsf_QuerySuggestions">                                        <img class="lazy" width="150" heigh="150" data-original="https://media.continente.pt/Sonae.eGlobal.Presentation.Web.Media/media.axd?resourceSearchType=2&amp;resource=ProductId=2725521(eCsf$RetekProductCatalog$MegastoreContinenteOnline$Continente)&amp;siteId=1&amp;channelId=1&amp;width=150&amp;height=150&amp;defaultOptions=1" src="https://media.continente.pt/Sonae.eGlobal.Presentation.Web.Media/media.axd?resourceSearchType=2&amp;resource=ProductId=2725521(eCsf$RetekProductCatalog$MegastoreContinenteOnline$Continente)&amp;siteId=1&amp;channelId=1&amp;width=150&amp;height=150&amp;defaultOptions=1" alt="Anis Estrelado Saqueta" style="display: inline;">                                </a>                                                  </div>          <div class="discountIcon productIcons">            <div class="largeIcon">              <div class="productDiscountLargeIcon">                                  </div>            </div>                      </div>      </div>      <div class="clearBoth"></div>      <div class="containerDescription">          <div class="title">                                <a class="ecsf_QuerySuggestions" href="https://www.continente.pt/stores/continente/pt-pt/public/Pages/ProductDetail.aspx?ProductId=2725521(eCsf_RetekProductCatalog_MegastoreContinenteOnline_Continente)&amp;refiner=%23%2F%3Fpl%3D40" title="Anis Estrelado Saqueta">Anis Estrelado Saqueta</a>                        </div>          <div class="type">Margão</div>          <div class="subTitle">                            emb. 25 gr                                </div>              </div>                <div class="containerPrice">                                 <div class="standardPriceContainer-selector">                       <div class="priceFirstRow">                      €                  2,99                                        <span> /un</span>              </div>                                              <div class="priceSecondRow">                          €                                                                                        119,60                                                                                                                                                       <span> /kg</span>                              </div>                                                                        </div>                                           <div class="containerPriceQuantity containerPriceQuantity-selector">                                              <div class="title">Desconto em quantidade</div>                                              <div class="optionsTable">                                                  <div class="optionRow">                                                      <div class="columnLeft"><span class="quantityOverThreshold-selector"></span></div>                                                      <div class="columnRight"><span class="priceWithDiscountOverThreshold-selector"></span></div>                                                  </div>                                                  <div class="optionRow">                                                      <div class="columnLeft"><span class="quantityUnderThreshold-selector"></span></div>                                                      <div class="columnRight"><span class="priceWithDiscountUnderThreshold-selector"></span></div>                                                  </div>                                              </div>                                          </div>                                                                                    </div>                                          <div class="clearBoth"></div>                                          <div class="productIcons containerIcons">                                                                                        <div class="icons">                                                  <div class="icon">                                                  <div class="productIconWithMeasure"></div>                                                </div>                                                <div class="icon ">                                                  <div class="productIconWithMeasure"></div>                                                </div>                                              </div>                                                                                                                      <div class="discountMessage">                                                              <!-- Discounts original (esta classe deve existir para que o ícone grande funcione) -->                                                              <div class="discountCard" style="display:none">                                                                  <div class="productIcon continenteCard"></div>                                                                  <div class="cardDiscountText">                                                                      <span class="iconDiscountText"></span>                                                                      <span class="discountType Value" style="display:none">                                                                          €                                                          </span>                                                          <span class="discountValue"></span>                                                          <span class="discountType Percentage" style="display:none">                                                              %                                                          </span>                                                      </div>                                                  </div>                                              </div>                                                                                                                                                                                </div>                                                      <div class="clearBoth"></div>                                                      <div class="productQuantityArea">                                                                                                                                <div class="addToBasketUnit">                                                                      <div class="unitsTextBoxArea">                                                                                                                                                <input name="unitsToAdd" class="item_qty unitsTextBox" type="text" value="1" maxlength="3">                                                                                                                                            </div>                                                                      <div class="addRemoveUnits">                                                                                                                                                        <div class="addUnits "><input class="increase-ItemQuantityWithOutUpdate" type="button" title="Add"></div>                                                                              <div class="removeUnits"><input class="decrease-ItemQuantityWithOutUpdate" type="button" title="Remove"></div>                                                                                                                                </div>                                                          </div>                                                            <div class="productActionButtonsArea _addToListBtnWrapper ecsf_add_product_to_shopping_list">                                                              <div class="reserveButtonContainer actionButtonArea">                                                                                                                                                                                                                  <div class="reserveButton ecsf_QuerySuggestions _showNotLoggedPopup">Reservar</div>                                                                                                                                                                                                                          </div>                                                                          <div class="actionButtonArea">                                                                              <div class="buttonLeftBorder"></div>                                                                                                                                                                                                                                                                                                                                                <input class="button add-ToBasket anonBasket ecsf_QuerySuggestions" type="button" name="AddToBasket" value="Carrinho">                                                                                                                                                                                                                                                                                                                                                                                                                  <div class="buttonRightBorder"></div>                                                                      </div>                                                                      <div class="actionButtonArea last">                                                                          <div class="grayButtonLeftBorder"></div>                                                                                                                                                        <input class="grayButton ecsf_QuerySuggestions _showNotLoggedPopup" type="button" name="List" value="Lista">                                                                                                                                                <div class="grayButtonRightBorder"></div>                                                                  </div>                                                                </div>                                                                                                              </div>                                                          </div>                                                            <div class="clearBoth"></div>                                                                                                                                              </div>                              </div>                                                                                     <div class="productItem">                                                            <div class="productBox basketWrapper Continente ecsf_product_icons ecsf_add_product_to_basket">        <input class="IsAlreadyInBasket" type="hidden" value="false">        <input class="item_pid" type="hidden" value="2834249(eCsf_RetekProductCatalog_MegastoreContinenteOnline_Continente)">      <input class="item_variantId" type="hidden" value="">      <input class="item_originalSalesUnit" type="hidden" value="Unit">      <input class="item_channelId" type="hidden" value="1">      <input class="item_unitConversionRate" type="hidden" value="">      <input class="item_listPrice" type="hidden" value="1.99">      <input class="item_requestedSalesUnit" type="hidden" value="Unit">      <input class="item_originalAlternativeSalesUnit" type="hidden" value="" name="originalAlternativeSalesUnit">      <input class="AvailabilityInDays" type="hidden" value="0">        <input class="IsInPromotion" type="hidden" value="false">      <input class="DeferredDelivery" type="hidden" value="0">      <input class="RelatedProductsAggregated" type="hidden" value="">        <input class="HasABuyXGetYFreeDiscount" type="hidden" value="false">      <!--<input _tmplitem="70"  class="IsOwnBrandProduct" type="hidden" value="false"/>      <input _tmplitem="70"  class="IsOwnBrandSelectedProduct" type="hidden" value="false"/>      <input _tmplitem="70"  class="IsAManufacturerClubProduct" type="hidden" value="false"/>      <input _tmplitem="70"  class="IsATopTenProduct" type="hidden" value="false"/>      <input _tmplitem="70"  class="IsAGourmetProduct" type="hidden" value="false"/>      <input _tmplitem="70"  class="IsABiologicProduct" type="hidden" value="false"/>      <input _tmplitem="70"  class="IsANationalProduct" type="hidden" value="false"/>      <input _tmplitem="70"  class="IsAGlutenFreeProduct" type="hidden" value="false"/>      <input _tmplitem="70"  class="IsALactoseFreeProduct" type="hidden" value="false"/>      <input _tmplitem="70"  class="IsANewProduct" type="hidden" value="false"/>      <input _tmplitem="70"  class="IsInPromotion" type="hidden" value="false"/>      <input _tmplitem="70"  class="IsATopTenProduct" type="hidden" value="false"/>      <input _tmplitem="70"  class="IsADonationEnabledProduct" type="hidden" value="false"/>      <input _tmplitem="70"  class="IsACheapProduct" type="hidden" value="false"/>      <input _tmplitem="70"  class="IsAnExclusiveProduct" type="hidden" value="false"/>-->        <input class="ItemLevelDiscountAmount" type="hidden" value="">      <input class="ItemLevelLoyaltyDiscountAmount" type="hidden" value="">        <input class="HasWebDiscounts" type="hidden" value="false">      <input class="WebDiscountStartDate" type="hidden" value="">      <input class="WebDiscountEndDate" type="hidden" value="">      <input class="WebDiscountValue" type="hidden" value="">      <input class="WebDiscountIcon" type="hidden" value="">      <input class="WebDiscountQuantity" type="hidden" value="">      <input class="HasRetekDiscounts" type="hidden" value="false">      <input class="RetekDiscountStartDate" type="hidden" value="Tue Sep 06 2016 01:00:00 GMT+0100 (Western European Summer Time)">      <input class="RetekDiscountEndDate" type="hidden" value="Tue Sep 13 2016 00:59:59 GMT+0100 (Western European Summer Time)">      <input class="WebDiscountType" type="hidden" value="">      <input class="RetekDiscountValue" type="hidden" value="25.0000">      <input class="RetekDiscountIcon" type="hidden" value="superPriceIcon">      <input class="RetekDiscountType" type="hidden" value="Percentage">        <input class="HasIsolateShipment" type="hidden" value="">      <input class="HasTaxFree" type="hidden" value="">      <input class="HasCashcardPaymentNotAvailable" type="hidden" value="">      <input class="HasProductGift" type="hidden" value="">      <input class="HasGift" type="hidden" value="">      <input class="HasMoreDetail" type="hidden" value="">        <input class="OriginalListPriceTax" type="hidden" value="0.3721">      <input class="OriginalListPrice" type="hidden" value="1.99">      <input class="PriceCapacityRatioTax" type="hidden" value="10.0571">      <input class="PriceCapacityRatio" type="hidden" value="53.783783">      <input class="WebDiscountValueTax" type="hidden" value="0.0">      <input class="RetekDiscountValueTax" type="hidden" value="0.0">      <input class="InventoryCondition" type="hidden" value="0">        <input class="MaxNumberOfUnitsPerSale" type="hidden" value="50">      <input class="MinNumberOfUnitsPerSale" type="hidden" value="1">                                                                                                                                      <input class="showPricesWithTax" type="hidden" value="true">              <input class="pIcons" type="hidden" value="00000000000000000000">    <div class="productBoxTop">        <div class="containerImage">          <div class="image">                        <a href="https://www.continente.pt/stores/continente/pt-pt/public/Pages/ProductDetail.aspx?ProductId=2834249(eCsf_RetekProductCatalog_MegastoreContinenteOnline_Continente)&amp;refiner=%23%2F%3Fpl%3D40" class="ecsf_QuerySuggestions">                                        <img class="lazy" width="150" heigh="150" data-original="https://media.continente.pt/Sonae.eGlobal.Presentation.Web.Media/media.axd?resourceSearchType=2&amp;resource=ProductId=2834249(eCsf$RetekProductCatalog$MegastoreContinenteOnline$Continente)&amp;siteId=1&amp;channelId=1&amp;width=150&amp;height=150&amp;defaultOptions=1" src="https://media.continente.pt/Sonae.eGlobal.Presentation.Web.Media/media.axd?resourceSearchType=2&amp;resource=ProductId=2834249(eCsf$RetekProductCatalog$MegastoreContinenteOnline$Continente)&amp;siteId=1&amp;channelId=1&amp;width=150&amp;height=150&amp;defaultOptions=1" alt="Açafrão das Índias" style="display: inline;">                                </a>                                                  </div>          <div class="discountIcon productIcons">            <div class="largeIcon">              <div class="productDiscountLargeIcon">                                  </div>            </div>                      </div>      </div>      <div class="clearBoth"></div>      <div class="containerDescription">          <div class="title">                                <a class="ecsf_QuerySuggestions" href="https://www.continente.pt/stores/continente/pt-pt/public/Pages/ProductDetail.aspx?ProductId=2834249(eCsf_RetekProductCatalog_MegastoreContinenteOnline_Continente)&amp;refiner=%23%2F%3Fpl%3D40" title="Açafrão das Índias">Açafrão das Índias</a>                        </div>          <div class="type">Margão</div>          <div class="subTitle">                            emb. 37 gr                                </div>              </div>                <div class="containerPrice">                                 <div class="standardPriceContainer-selector">                       <div class="priceFirstRow">                      €                  1,99                                        <span> /un</span>              </div>                                              <div class="priceSecondRow">                          €                                                                                        53,78                                                                                                                                                       <span> /kg</span>                              </div>                                                                        </div>                                           <div class="containerPriceQuantity containerPriceQuantity-selector" style="display: none;">                                              <div class="title">Desconto em quantidade</div>                                              <div class="optionsTable">                                                  <div class="optionRow">                                                      <div class="columnLeft"><span class="quantityOverThreshold-selector"></span></div>                                                      <div class="columnRight"><span class="priceWithDiscountOverThreshold-selector"></span></div>                                                  </div>                                                  <div class="optionRow">                                                      <div class="columnLeft"><span class="quantityUnderThreshold-selector"></span></div>                                                      <div class="columnRight"><span class="priceWithDiscountUnderThreshold-selector"></span></div>                                                  </div>                                              </div>                                          </div>                                                                                    </div>                                          <div class="clearBoth"></div>                                          <div class="productIcons containerIcons">                                                                                        <div class="icons">                                                  <div class="icon">                                                  <div class="productIconWithMeasure"></div>                                                </div>                                                <div class="icon ">                                                  <div class="productIconWithMeasure"></div>                                                </div>                                              </div>                                                                                                                      <div class="discountMessage">                                                              <!-- Discounts original (esta classe deve existir para que o ícone grande funcione) -->                                                              <div class="discountCard" style="display:none">                                                                  <div class="productIcon continenteCard"></div>                                                                  <div class="cardDiscountText">                                                                      <span class="iconDiscountText"></span>                                                                      <span class="discountType Value" style="display:none">                                                                          €                                                          </span>                                                          <span class="discountValue"></span>                                                          <span class="discountType Percentage" style="display:none">                                                              %                                                          </span>                                                      </div>                                                  </div>                                              </div>                                                                                                                                                                                </div>                                                      <div class="clearBoth"></div>                                                      <div class="productQuantityArea">                                                                                                                                <div class="addToBasketUnit">                                                                      <div class="unitsTextBoxArea">                                                                                                                                                <input name="unitsToAdd" class="item_qty unitsTextBox" type="text" value="1" maxlength="3">                                                                                                                                            </div>                                                                      <div class="addRemoveUnits">                                                                                                                                                        <div class="addUnits "><input class="increase-ItemQuantityWithOutUpdate" type="button" title="Add"></div>                                                                              <div class="removeUnits"><input class="decrease-ItemQuantityWithOutUpdate" type="button" title="Remove"></div>                                                                                                                                </div>                                                          </div>                                                            <div class="productActionButtonsArea _addToListBtnWrapper ecsf_add_product_to_shopping_list">                                                              <div class="reserveButtonContainer actionButtonArea">                                                                                                                                                                                                                  <div class="reserveButton ecsf_QuerySuggestions _showNotLoggedPopup">Reservar</div>                                                                                                                                                                                                                          </div>                                                                          <div class="actionButtonArea">                                                                              <div class="buttonLeftBorder"></div>                                                                                                                                                                                                                                                                                                                                                <input class="button add-ToBasket anonBasket ecsf_QuerySuggestions" type="button" name="AddToBasket" value="Carrinho">                                                                                                                                                                                                                                                                                                                                                                                                                  <div class="buttonRightBorder"></div>                                                                      </div>                                                                      <div class="actionButtonArea last">                                                                          <div class="grayButtonLeftBorder"></div>                                                                                                                                                        <input class="grayButton ecsf_QuerySuggestions _showNotLoggedPopup" type="button" name="List" value="Lista">                                                                                                                                                <div class="grayButtonRightBorder"></div>                                                                  </div>                                                                </div>                                                                                                              </div>                                                          </div>                                                            <div class="clearBoth"></div>                                                                                                                                              </div>                              </div>                                                                                     <div class="productItem">                                                            <div class="productBox basketWrapper Continente ecsf_product_icons ecsf_add_product_to_basket">        <input class="IsAlreadyInBasket" type="hidden" value="false">        <input class="item_pid" type="hidden" value="5533488(eCsf_RetekProductCatalog_MegastoreContinenteOnline_Continente)">      <input class="item_variantId" type="hidden" value="">      <input class="item_originalSalesUnit" type="hidden" value="Unit">      <input class="item_channelId" type="hidden" value="1">      <input class="item_unitConversionRate" type="hidden" value="0.0">      <input class="item_listPrice" type="hidden" value="1.29">      <input class="item_requestedSalesUnit" type="hidden" value="Unit">      <input class="item_originalAlternativeSalesUnit" type="hidden" value="" name="originalAlternativeSalesUnit">      <input class="AvailabilityInDays" type="hidden" value="0">        <input class="IsInPromotion" type="hidden" value="false">      <input class="DeferredDelivery" type="hidden" value="0">      <input class="RelatedProductsAggregated" type="hidden" value="">        <input class="HasABuyXGetYFreeDiscount" type="hidden" value="false">      <!--<input _tmplitem="71"  class="IsOwnBrandProduct" type="hidden" value="false"/>      <input _tmplitem="71"  class="IsOwnBrandSelectedProduct" type="hidden" value="false"/>      <input _tmplitem="71"  class="IsAManufacturerClubProduct" type="hidden" value="false"/>      <input _tmplitem="71"  class="IsATopTenProduct" type="hidden" value="false"/>      <input _tmplitem="71"  class="IsAGourmetProduct" type="hidden" value="false"/>      <input _tmplitem="71"  class="IsABiologicProduct" type="hidden" value="false"/>      <input _tmplitem="71"  class="IsANationalProduct" type="hidden" value="false"/>      <input _tmplitem="71"  class="IsAGlutenFreeProduct" type="hidden" value="false"/>      <input _tmplitem="71"  class="IsALactoseFreeProduct" type="hidden" value="false"/>      <input _tmplitem="71"  class="IsANewProduct" type="hidden" value="false"/>      <input _tmplitem="71"  class="IsInPromotion" type="hidden" value="false"/>      <input _tmplitem="71"  class="IsATopTenProduct" type="hidden" value="false"/>      <input _tmplitem="71"  class="IsADonationEnabledProduct" type="hidden" value="false"/>      <input _tmplitem="71"  class="IsACheapProduct" type="hidden" value="false"/>      <input _tmplitem="71"  class="IsAnExclusiveProduct" type="hidden" value="false"/>-->        <input class="ItemLevelDiscountAmount" type="hidden" value="">      <input class="ItemLevelLoyaltyDiscountAmount" type="hidden" value="">        <input class="HasWebDiscounts" type="hidden" value="false">      <input class="WebDiscountStartDate" type="hidden" value="">      <input class="WebDiscountEndDate" type="hidden" value="">      <input class="WebDiscountValue" type="hidden" value="">      <input class="WebDiscountIcon" type="hidden" value="">      <input class="WebDiscountQuantity" type="hidden" value="">      <input class="HasRetekDiscounts" type="hidden" value="false">      <input class="RetekDiscountStartDate" type="hidden" value="Tue Oct 31 2017 00:00:00 GMT+0000 (Western European Standard Time)">      <input class="RetekDiscountEndDate" type="hidden" value="Mon Nov 13 2017 23:59:59 GMT+0000 (Western European Standard Time)">      <input class="WebDiscountType" type="hidden" value="">      <input class="RetekDiscountValue" type="hidden" value="0.2000">      <input class="RetekDiscountIcon" type="hidden" value="superPriceIcon">      <input class="RetekDiscountType" type="hidden" value="Value">        <input class="HasIsolateShipment" type="hidden" value="">      <input class="HasTaxFree" type="hidden" value="">      <input class="HasCashcardPaymentNotAvailable" type="hidden" value="">      <input class="HasProductGift" type="hidden" value="">      <input class="HasGift" type="hidden" value="">      <input class="HasMoreDetail" type="hidden" value="">        <input class="OriginalListPriceTax" type="hidden" value="0.2412">      <input class="OriginalListPrice" type="hidden" value="1.29">      <input class="PriceCapacityRatioTax" type="hidden" value="6.0305">      <input class="PriceCapacityRatio" type="hidden" value="32.25">      <input class="WebDiscountValueTax" type="hidden" value="0.0">      <input class="RetekDiscountValueTax" type="hidden" value="0.0374">      <input class="InventoryCondition" type="hidden" value="0">        <input class="MaxNumberOfUnitsPerSale" type="hidden" value="50">      <input class="MinNumberOfUnitsPerSale" type="hidden" value="1">                                                                                                                                      <input class="showPricesWithTax" type="hidden" value="true">              <input class="pIcons" type="hidden" value="00000000000000000000">    <div class="productBoxTop">        <div class="containerImage">          <div class="image">                        <a href="https://www.continente.pt/stores/continente/pt-pt/public/Pages/ProductDetail.aspx?ProductId=5533488(eCsf_RetekProductCatalog_MegastoreContinenteOnline_Continente)&amp;refiner=%23%2F%3Fpl%3D40" class="ecsf_QuerySuggestions">                                        <img class="lazy" width="150" heigh="150" data-original="https://media.continente.pt/Sonae.eGlobal.Presentation.Web.Media/media.axd?resourceSearchType=2&amp;resource=ProductId=5533488(eCsf$RetekProductCatalog$MegastoreContinenteOnline$Continente)&amp;siteId=1&amp;channelId=1&amp;width=150&amp;height=150&amp;defaultOptions=1" src="https://media.continente.pt/Sonae.eGlobal.Presentation.Web.Media/media.axd?resourceSearchType=2&amp;resource=ProductId=5533488(eCsf$RetekProductCatalog$MegastoreContinenteOnline$Continente)&amp;siteId=1&amp;channelId=1&amp;width=150&amp;height=150&amp;defaultOptions=1" alt="Erva Doce Moída Saqueta" style="display: inline;">                                </a>                                                  </div>          <div class="discountIcon productIcons">            <div class="largeIcon">              <div class="productDiscountLargeIcon">                                  </div>            </div>                      </div>      </div>      <div class="clearBoth"></div>      <div class="containerDescription">          <div class="title">                                <a class="ecsf_QuerySuggestions" href="https://www.continente.pt/stores/continente/pt-pt/public/Pages/ProductDetail.aspx?ProductId=5533488(eCsf_RetekProductCatalog_MegastoreContinenteOnline_Continente)&amp;refiner=%23%2F%3Fpl%3D40" title="Erva Doce Moída Saqueta">Erva Doce Moída Saqueta</a>                        </div>          <div class="type">Margão</div>          <div class="subTitle">                            emb. 40 gr                                </div>              </div>                <div class="containerPrice">                                 <div class="standardPriceContainer-selector">                       <div class="priceFirstRow">                      €                  1,29                                        <span> /un</span>              </div>                                              <div class="priceSecondRow">                          €                                                                                        32,25                                                                                                                                                       <span> /kg</span>                              </div>                                                                        </div>                                           <div class="containerPriceQuantity containerPriceQuantity-selector" style="display: none;">                                              <div class="title">Desconto em quantidade</div>                                              <div class="optionsTable">                                                  <div class="optionRow">                                                      <div class="columnLeft"><span class="quantityOverThreshold-selector"></span></div>                                                      <div class="columnRight"><span class="priceWithDiscountOverThreshold-selector"></span></div>                                                  </div>                                                  <div class="optionRow">                                                      <div class="columnLeft"><span class="quantityUnderThreshold-selector"></span></div>                                                      <div class="columnRight"><span class="priceWithDiscountUnderThreshold-selector"></span></div>                                                  </div>                                              </div>                                          </div>                                                                                    </div>                                          <div class="clearBoth"></div>                                          <div class="productIcons containerIcons">                                                                                        <div class="icons">                                                  <div class="icon">                                                  <div class="productIconWithMeasure"></div>                                                </div>                                                <div class="icon ">                                                  <div class="productIconWithMeasure"></div>                                                </div>                                              </div>                                                                                                                      <div class="discountMessage">                                                              <!-- Discounts original (esta classe deve existir para que o ícone grande funcione) -->                                                              <div class="discountCard" style="display:none">                                                                  <div class="productIcon continenteCard"></div>                                                                  <div class="cardDiscountText">                                                                      <span class="iconDiscountText"></span>                                                                      <span class="discountType Value" style="display:none">                                                                          €                                                          </span>                                                          <span class="discountValue"></span>                                                          <span class="discountType Percentage" style="display:none">                                                              %                                                          </span>                                                      </div>                                                  </div>                                              </div>                                                                                                                                                                                </div>                                                      <div class="clearBoth"></div>                                                      <div class="productQuantityArea">                                                                                                                                <div class="addToBasketUnit">                                                                      <div class="unitsTextBoxArea">                                                                                                                                                <input name="unitsToAdd" class="item_qty unitsTextBox" type="text" value="1" maxlength="3">                                                                                                                                            </div>                                                                      <div class="addRemoveUnits">                                                                                                                                                        <div class="addUnits "><input class="increase-ItemQuantityWithOutUpdate" type="button" title="Add"></div>                                                                              <div class="removeUnits"><input class="decrease-ItemQuantityWithOutUpdate" type="button" title="Remove"></div>                                                                                                                                </div>                                                          </div>                                                            <div class="productActionButtonsArea _addToListBtnWrapper ecsf_add_product_to_shopping_list">                                                              <div class="reserveButtonContainer actionButtonArea">                                                                                                                                                                                                                  <div class="reserveButton ecsf_QuerySuggestions _showNotLoggedPopup">Reservar</div>                                                                                                                                                                                                                          </div>                                                                          <div class="actionButtonArea">                                                                              <div class="buttonLeftBorder"></div>                                                                                                                                                                                                                                                                                                                                                <input class="button add-ToBasket anonBasket ecsf_QuerySuggestions" type="button" name="AddToBasket" value="Carrinho">                                                                                                                                                                                                                                                                                                                                                                                                                  <div class="buttonRightBorder"></div>                                                                      </div>                                                                      <div class="actionButtonArea last">                                                                          <div class="grayButtonLeftBorder"></div>                                                                                                                                                        <input class="grayButton ecsf_QuerySuggestions _showNotLoggedPopup" type="button" name="List" value="Lista">                                                                                                                                                <div class="grayButtonRightBorder"></div>                                                                  </div>                                                                </div>                                                                                                              </div>                                                          </div>                                                            <div class="clearBoth"></div>                                                                                                                                              </div>                              </div>                                                                                     <div class="productItem">                                                            <div class="productBox basketWrapper Continente ecsf_product_icons ecsf_add_product_to_basket">        <input class="IsAlreadyInBasket" type="hidden" value="false">        <input class="item_pid" type="hidden" value="2003472(eCsf_RetekProductCatalog_MegastoreContinenteOnline_Continente)">      <input class="item_variantId" type="hidden" value="">      <input class="item_originalSalesUnit" type="hidden" value="Unit">      <input class="item_channelId" type="hidden" value="1">      <input class="item_unitConversionRate" type="hidden" value="0.0">      <input class="item_listPrice" type="hidden" value="1.19">      <input class="item_requestedSalesUnit" type="hidden" value="Unit">      <input class="item_originalAlternativeSalesUnit" type="hidden" value="" name="originalAlternativeSalesUnit">      <input class="AvailabilityInDays" type="hidden" value="0">        <input class="IsInPromotion" type="hidden" value="false">      <input class="DeferredDelivery" type="hidden" value="0">      <input class="RelatedProductsAggregated" type="hidden" value="">        <input class="HasABuyXGetYFreeDiscount" type="hidden" value="false">      <!--<input _tmplitem="72"  class="IsOwnBrandProduct" type="hidden" value="false"/>      <input _tmplitem="72"  class="IsOwnBrandSelectedProduct" type="hidden" value="false"/>      <input _tmplitem="72"  class="IsAManufacturerClubProduct" type="hidden" value="false"/>      <input _tmplitem="72"  class="IsATopTenProduct" type="hidden" value="false"/>      <input _tmplitem="72"  class="IsAGourmetProduct" type="hidden" value="false"/>      <input _tmplitem="72"  class="IsABiologicProduct" type="hidden" value="false"/>      <input _tmplitem="72"  class="IsANationalProduct" type="hidden" value="false"/>      <input _tmplitem="72"  class="IsAGlutenFreeProduct" type="hidden" value="false"/>      <input _tmplitem="72"  class="IsALactoseFreeProduct" type="hidden" value="false"/>      <input _tmplitem="72"  class="IsANewProduct" type="hidden" value="false"/>      <input _tmplitem="72"  class="IsInPromotion" type="hidden" value="false"/>      <input _tmplitem="72"  class="IsATopTenProduct" type="hidden" value="false"/>      <input _tmplitem="72"  class="IsADonationEnabledProduct" type="hidden" value="false"/>      <input _tmplitem="72"  class="IsACheapProduct" type="hidden" value="false"/>      <input _tmplitem="72"  class="IsAnExclusiveProduct" type="hidden" value="false"/>-->        <input class="ItemLevelDiscountAmount" type="hidden" value="">      <input class="ItemLevelLoyaltyDiscountAmount" type="hidden" value="">        <input class="HasWebDiscounts" type="hidden" value="false">      <input class="WebDiscountStartDate" type="hidden" value="">      <input class="WebDiscountEndDate" type="hidden" value="">      <input class="WebDiscountValue" type="hidden" value="">      <input class="WebDiscountIcon" type="hidden" value="">      <input class="WebDiscountQuantity" type="hidden" value="">      <input class="HasRetekDiscounts" type="hidden" value="false">      <input class="RetekDiscountStartDate" type="hidden" value="Tue Sep 06 2016 01:00:00 GMT+0100 (Western European Summer Time)">      <input class="RetekDiscountEndDate" type="hidden" value="Tue Sep 13 2016 00:59:59 GMT+0100 (Western European Summer Time)">      <input class="WebDiscountType" type="hidden" value="">      <input class="RetekDiscountValue" type="hidden" value="25.0000">      <input class="RetekDiscountIcon" type="hidden" value="superPriceIcon">      <input class="RetekDiscountType" type="hidden" value="Percentage">        <input class="HasIsolateShipment" type="hidden" value="">      <input class="HasTaxFree" type="hidden" value="">      <input class="HasCashcardPaymentNotAvailable" type="hidden" value="">      <input class="HasProductGift" type="hidden" value="">      <input class="HasGift" type="hidden" value="">      <input class="HasMoreDetail" type="hidden" value="">        <input class="OriginalListPriceTax" type="hidden" value="0.0674">      <input class="OriginalListPrice" type="hidden" value="1.19">      <input class="PriceCapacityRatioTax" type="hidden" value="4.4904">      <input class="PriceCapacityRatio" type="hidden" value="79.33">      <input class="WebDiscountValueTax" type="hidden" value="0.0">      <input class="RetekDiscountValueTax" type="hidden" value="0.0">      <input class="InventoryCondition" type="hidden" value="0">        <input class="MaxNumberOfUnitsPerSale" type="hidden" value="50">      <input class="MinNumberOfUnitsPerSale" type="hidden" value="1">                                                                                                                                      <input class="showPricesWithTax" type="hidden" value="true">              <input class="pIcons" type="hidden" value="00000000000000000000">    <div class="productBoxTop">        <div class="containerImage">          <div class="image">                        <a href="https://www.continente.pt/stores/continente/pt-pt/public/Pages/ProductDetail.aspx?ProductId=2003472(eCsf_RetekProductCatalog_MegastoreContinenteOnline_Continente)&amp;refiner=%23%2F%3Fpl%3D40" class="ecsf_QuerySuggestions">                                        <img class="lazy" width="150" heigh="150" data-original="https://media.continente.pt/Sonae.eGlobal.Presentation.Web.Media/media.axd?resourceSearchType=2&amp;resource=ProductId=2003472(eCsf$RetekProductCatalog$MegastoreContinenteOnline$Continente)&amp;siteId=1&amp;channelId=1&amp;width=150&amp;height=150&amp;defaultOptions=1" src="https://media.continente.pt/Sonae.eGlobal.Presentation.Web.Media/media.axd?resourceSearchType=2&amp;resource=ProductId=2003472(eCsf$RetekProductCatalog$MegastoreContinenteOnline$Continente)&amp;siteId=1&amp;channelId=1&amp;width=150&amp;height=150&amp;defaultOptions=1" alt="Piripíri Grão" style="display: inline;">                                </a>                                                  </div>          <div class="discountIcon productIcons">            <div class="largeIcon">              <div class="productDiscountLargeIcon">                                  </div>            </div>                      </div>      </div>      <div class="clearBoth"></div>      <div class="containerDescription">          <div class="title">                                <a class="ecsf_QuerySuggestions" href="https://www.continente.pt/stores/continente/pt-pt/public/Pages/ProductDetail.aspx?ProductId=2003472(eCsf_RetekProductCatalog_MegastoreContinenteOnline_Continente)&amp;refiner=%23%2F%3Fpl%3D40" title="Piripíri Grão">Piripíri Grão</a>                        </div>          <div class="type">Margão</div>          <div class="subTitle">                            emb. 15 gr                                </div>              </div>                <div class="containerPrice">                                 <div class="standardPriceContainer-selector">                       <div class="priceFirstRow">                      €                  1,19                                        <span> /un</span>              </div>                                              <div class="priceSecondRow">                          €                                                                                        79,33                                                                                                                                                       <span> /kg</span>                              </div>                                                                        </div>                                           <div class="containerPriceQuantity containerPriceQuantity-selector" style="display: none;">                                              <div class="title">Desconto em quantidade</div>                                              <div class="optionsTable">                                                  <div class="optionRow">                                                      <div class="columnLeft"><span class="quantityOverThreshold-selector"></span></div>                                                      <div class="columnRight"><span class="priceWithDiscountOverThreshold-selector"></span></div>                                                  </div>                                                  <div class="optionRow">                                                      <div class="columnLeft"><span class="quantityUnderThreshold-selector"></span></div>                                                      <div class="columnRight"><span class="priceWithDiscountUnderThreshold-selector"></span></div>                                                  </div>                                              </div>                                          </div>                                                                                    </div>                                          <div class="clearBoth"></div>                                          <div class="productIcons containerIcons">                                                                                        <div class="icons">                                                  <div class="icon">                                                  <div class="productIconWithMeasure"></div>                                                </div>                                                <div class="icon ">                                                  <div class="productIconWithMeasure"></div>                                                </div>                                              </div>                                                                                                                      <div class="discountMessage">                                                              <!-- Discounts original (esta classe deve existir para que o ícone grande funcione) -->                                                              <div class="discountCard" style="display:none">                                                                  <div class="productIcon continenteCard"></div>                                                                  <div class="cardDiscountText">                                                                      <span class="iconDiscountText"></span>                                                                      <span class="discountType Value" style="display:none">                                                                          €                                                          </span>                                                          <span class="discountValue"></span>                                                          <span class="discountType Percentage" style="display:none">                                                              %                                                          </span>                                                      </div>                                                  </div>                                              </div>                                                                                                                                                                                </div>                                                      <div class="clearBoth"></div>                                                      <div class="productQuantityArea">                                                                                                                                <div class="addToBasketUnit">                                                                      <div class="unitsTextBoxArea">                                                                                                                                                <input name="unitsToAdd" class="item_qty unitsTextBox" type="text" value="1" maxlength="3">                                                                                                                                            </div>                                                                      <div class="addRemoveUnits">                                                                                                                                                        <div class="addUnits "><input class="increase-ItemQuantityWithOutUpdate" type="button" title="Add"></div>                                                                              <div class="removeUnits"><input class="decrease-ItemQuantityWithOutUpdate" type="button" title="Remove"></div>                                                                                                                                </div>                                                          </div>                                                            <div class="productActionButtonsArea _addToListBtnWrapper ecsf_add_product_to_shopping_list">                                                              <div class="reserveButtonContainer actionButtonArea">                                                                                                                                                                                                                  <div class="reserveButton ecsf_QuerySuggestions _showNotLoggedPopup">Reservar</div>                                                                                                                                                                                                                          </div>                                                                          <div class="actionButtonArea">                                                                              <div class="buttonLeftBorder"></div>                                                                                                                                                                                                                                                                                                                                                <input class="button add-ToBasket anonBasket ecsf_QuerySuggestions" type="button" name="AddToBasket" value="Carrinho">                                                                                                                                                                                                                                                                                                                                                                                                                  <div class="buttonRightBorder"></div>                                                                      </div>                                                                      <div class="actionButtonArea last">                                                                          <div class="grayButtonLeftBorder"></div>                                                                                                                                                        <input class="grayButton ecsf_QuerySuggestions _showNotLoggedPopup" type="button" name="List" value="Lista">                                                                                                                                                <div class="grayButtonRightBorder"></div>                                                                  </div>                                                                </div>                                                                                                              </div>                                                          </div>                                                            <div class="clearBoth"></div>                                                                                                                                              </div>                              </div>                                                                                     <div class="productItem last">                                                            <div class="productBox basketWrapper Continente ecsf_product_icons ecsf_add_product_to_basket">        <input class="IsAlreadyInBasket" type="hidden" value="false">        <input class="item_pid" type="hidden" value="2826908(eCsf_RetekProductCatalog_MegastoreContinenteOnline_Continente)">      <input class="item_variantId" type="hidden" value="">      <input class="item_originalSalesUnit" type="hidden" value="Unit">      <input class="item_channelId" type="hidden" value="1">      <input class="item_unitConversionRate" type="hidden" value="0.0">      <input class="item_listPrice" type="hidden" value="2.49">      <input class="item_requestedSalesUnit" type="hidden" value="Unit">      <input class="item_originalAlternativeSalesUnit" type="hidden" value="" name="originalAlternativeSalesUnit">      <input class="AvailabilityInDays" type="hidden" value="0">        <input class="IsInPromotion" type="hidden" value="false">      <input class="DeferredDelivery" type="hidden" value="0">      <input class="RelatedProductsAggregated" type="hidden" value="">        <input class="HasABuyXGetYFreeDiscount" type="hidden" value="false">      <!--<input _tmplitem="73"  class="IsOwnBrandProduct" type="hidden" value="false"/>      <input _tmplitem="73"  class="IsOwnBrandSelectedProduct" type="hidden" value="false"/>      <input _tmplitem="73"  class="IsAManufacturerClubProduct" type="hidden" value="false"/>      <input _tmplitem="73"  class="IsATopTenProduct" type="hidden" value="false"/>      <input _tmplitem="73"  class="IsAGourmetProduct" type="hidden" value="false"/>      <input _tmplitem="73"  class="IsABiologicProduct" type="hidden" value="false"/>      <input _tmplitem="73"  class="IsANationalProduct" type="hidden" value="false"/>      <input _tmplitem="73"  class="IsAGlutenFreeProduct" type="hidden" value="false"/>      <input _tmplitem="73"  class="IsALactoseFreeProduct" type="hidden" value="false"/>      <input _tmplitem="73"  class="IsANewProduct" type="hidden" value="false"/>      <input _tmplitem="73"  class="IsInPromotion" type="hidden" value="false"/>      <input _tmplitem="73"  class="IsATopTenProduct" type="hidden" value="false"/>      <input _tmplitem="73"  class="IsADonationEnabledProduct" type="hidden" value="false"/>      <input _tmplitem="73"  class="IsACheapProduct" type="hidden" value="false"/>      <input _tmplitem="73"  class="IsAnExclusiveProduct" type="hidden" value="false"/>-->        <input class="ItemLevelDiscountAmount" type="hidden" value="">      <input class="ItemLevelLoyaltyDiscountAmount" type="hidden" value="">        <input class="HasWebDiscounts" type="hidden" value="false">      <input class="WebDiscountStartDate" type="hidden" value="">      <input class="WebDiscountEndDate" type="hidden" value="">      <input class="WebDiscountValue" type="hidden" value="">      <input class="WebDiscountIcon" type="hidden" value="">      <input class="WebDiscountQuantity" type="hidden" value="">      <input class="HasRetekDiscounts" type="hidden" value="false">      <input class="RetekDiscountStartDate" type="hidden" value="Tue Sep 06 2016 01:00:00 GMT+0100 (Western European Summer Time)">      <input class="RetekDiscountEndDate" type="hidden" value="Tue Sep 13 2016 00:59:59 GMT+0100 (Western European Summer Time)">      <input class="WebDiscountType" type="hidden" value="">      <input class="RetekDiscountValue" type="hidden" value="25.0000">      <input class="RetekDiscountIcon" type="hidden" value="superPriceIcon">      <input class="RetekDiscountType" type="hidden" value="Percentage">        <input class="HasIsolateShipment" type="hidden" value="">      <input class="HasTaxFree" type="hidden" value="">      <input class="HasCashcardPaymentNotAvailable" type="hidden" value="">      <input class="HasProductGift" type="hidden" value="">      <input class="HasGift" type="hidden" value="">      <input class="HasMoreDetail" type="hidden" value="">        <input class="OriginalListPriceTax" type="hidden" value="0.4656">      <input class="OriginalListPrice" type="hidden" value="2.49">      <input class="PriceCapacityRatioTax" type="hidden" value="14.5503">      <input class="PriceCapacityRatio" type="hidden" value="77.8125">      <input class="WebDiscountValueTax" type="hidden" value="0.0">      <input class="RetekDiscountValueTax" type="hidden" value="0.0">      <input class="InventoryCondition" type="hidden" value="0">        <input class="MaxNumberOfUnitsPerSale" type="hidden" value="50">      <input class="MinNumberOfUnitsPerSale" type="hidden" value="1">                                                                                                                                      <input class="showPricesWithTax" type="hidden" value="true">              <input class="pIcons" type="hidden" value="00000000000000000000">    <div class="productBoxTop">        <div class="containerImage">          <div class="image">                        <a href="https://www.continente.pt/stores/continente/pt-pt/public/Pages/ProductDetail.aspx?ProductId=2826908(eCsf_RetekProductCatalog_MegastoreContinenteOnline_Continente)&amp;refiner=%23%2F%3Fpl%3D40" class="ecsf_QuerySuggestions">                                        <img class="lazy" width="150" heigh="150" data-original="https://media.continente.pt/Sonae.eGlobal.Presentation.Web.Media/media.axd?resourceSearchType=2&amp;resource=ProductId=2826908(eCsf$RetekProductCatalog$MegastoreContinenteOnline$Continente)&amp;siteId=1&amp;channelId=1&amp;width=150&amp;height=150&amp;defaultOptions=1" src="https://media.continente.pt/Sonae.eGlobal.Presentation.Web.Media/media.axd?resourceSearchType=2&amp;resource=ProductId=2826908(eCsf$RetekProductCatalog$MegastoreContinenteOnline$Continente)&amp;siteId=1&amp;channelId=1&amp;width=150&amp;height=150&amp;defaultOptions=1" alt="Noz Moscada Moída" style="display: inline;">                                </a>                                                  </div>          <div class="discountIcon productIcons">            <div class="largeIcon">              <div class="productDiscountLargeIcon">                                  </div>            </div>                      </div>      </div>      <div class="clearBoth"></div>      <div class="containerDescription">          <div class="title">                                <a class="ecsf_QuerySuggestions" href="https://www.continente.pt/stores/continente/pt-pt/public/Pages/ProductDetail.aspx?ProductId=2826908(eCsf_RetekProductCatalog_MegastoreContinenteOnline_Continente)&amp;refiner=%23%2F%3Fpl%3D40" title="Noz Moscada Moída">Noz Moscada Moída</a>                        </div>          <div class="type">Margão</div>          <div class="subTitle">                            frasco 32 gr                                </div>              </div>                <div class="containerPrice">                                 <div class="standardPriceContainer-selector">                       <div class="priceFirstRow">                      €                  2,49                                        <span> /un</span>              </div>                                              <div class="priceSecondRow">                          €                                                                                        77,81                                                                                                                                                       <span> /kg</span>                              </div>                                                                        </div>                                           <div class="containerPriceQuantity containerPriceQuantity-selector" style="display: none;">                                              <div class="title">Desconto em quantidade</div>                                              <div class="optionsTable">                                                  <div class="optionRow">                                                      <div class="columnLeft"><span class="quantityOverThreshold-selector"></span></div>                                                      <div class="columnRight"><span class="priceWithDiscountOverThreshold-selector"></span></div>                                                  </div>                                                  <div class="optionRow">                                                      <div class="columnLeft"><span class="quantityUnderThreshold-selector"></span></div>                                                      <div class="columnRight"><span class="priceWithDiscountUnderThreshold-selector"></span></div>                                                  </div>                                              </div>                                          </div>                                                                                    </div>                                          <div class="clearBoth"></div>                                          <div class="productIcons containerIcons">                                                                                        <div class="icons">                                                  <div class="icon">                                                  <div class="productIconWithMeasure"></div>                                                </div>                                                <div class="icon ">                                                  <div class="productIconWithMeasure"></div>                                                </div>                                              </div>                                                                                                                      <div class="discountMessage">                                                              <!-- Discounts original (esta classe deve existir para que o ícone grande funcione) -->                                                              <div class="discountCard" style="display:none">                                                                  <div class="productIcon continenteCard"></div>                                                                  <div class="cardDiscountText">                                                                      <span class="iconDiscountText"></span>                                                                      <span class="discountType Value" style="display:none">                                                                          €                                                          </span>                                                          <span class="discountValue"></span>                                                          <span class="discountType Percentage" style="display:none">                                                              %                                                          </span>                                                      </div>                                                  </div>                                              </div>                                                                                                                                                                                </div>                                                      <div class="clearBoth"></div>                                                      <div class="productQuantityArea">                                                                                                                                <div class="addToBasketUnit">                                                                      <div class="unitsTextBoxArea">                                                                                                                                                <input name="unitsToAdd" class="item_qty unitsTextBox" type="text" value="1" maxlength="3">                                                                                                                                            </div>                                                                      <div class="addRemoveUnits">                                                                                                                                                        <div class="addUnits "><input class="increase-ItemQuantityWithOutUpdate" type="button" title="Add"></div>                                                                              <div class="removeUnits"><input class="decrease-ItemQuantityWithOutUpdate" type="button" title="Remove"></div>                                                                                                                                </div>                                                          </div>                                                            <div class="productActionButtonsArea _addToListBtnWrapper ecsf_add_product_to_shopping_list">                                                              <div class="reserveButtonContainer actionButtonArea">                                                                                                                                                                                                                  <div class="reserveButton ecsf_QuerySuggestions _showNotLoggedPopup">Reservar</div>                                                                                                                                                                                                                          </div>                                                                          <div class="actionButtonArea">                                                                              <div class="buttonLeftBorder"></div>                                                                                                                                                                                                                                                                                                                                                <input class="button add-ToBasket anonBasket ecsf_QuerySuggestions" type="button" name="AddToBasket" value="Carrinho">                                                                                                                                                                                                                                                                                                                                                                                                                  <div class="buttonRightBorder"></div>                                                                      </div>                                                                      <div class="actionButtonArea last">                                                                          <div class="grayButtonLeftBorder"></div>                                                                                                                                                        <input class="grayButton ecsf_QuerySuggestions _showNotLoggedPopup" type="button" name="List" value="Lista">                                                                                                                                                <div class="grayButtonRightBorder"></div>                                                                  </div>                                                                </div>                                                                                                              </div>                                                          </div>                                                            <div class="clearBoth"></div>                                                                                                                                              </div>                              </div>                                                                                     <div class="productItem">                                                            <div class="productBox basketWrapper Continente ecsf_product_icons ecsf_add_product_to_basket">        <input class="IsAlreadyInBasket" type="hidden" value="false">        <input class="item_pid" type="hidden" value="2003212(eCsf_RetekProductCatalog_MegastoreContinenteOnline_Continente)">      <input class="item_variantId" type="hidden" value="">      <input class="item_originalSalesUnit" type="hidden" value="Unit">      <input class="item_channelId" type="hidden" value="1">      <input class="item_unitConversionRate" type="hidden" value="0.0">      <input class="item_listPrice" type="hidden" value="1.24">      <input class="item_requestedSalesUnit" type="hidden" value="Unit">      <input class="item_originalAlternativeSalesUnit" type="hidden" value="" name="originalAlternativeSalesUnit">      <input class="AvailabilityInDays" type="hidden" value="0">        <input class="IsInPromotion" type="hidden" value="false">      <input class="DeferredDelivery" type="hidden" value="0">      <input class="RelatedProductsAggregated" type="hidden" value="">        <input class="HasABuyXGetYFreeDiscount" type="hidden" value="false">      <!--<input _tmplitem="74"  class="IsOwnBrandProduct" type="hidden" value="false"/>      <input _tmplitem="74"  class="IsOwnBrandSelectedProduct" type="hidden" value="false"/>      <input _tmplitem="74"  class="IsAManufacturerClubProduct" type="hidden" value="false"/>      <input _tmplitem="74"  class="IsATopTenProduct" type="hidden" value="false"/>      <input _tmplitem="74"  class="IsAGourmetProduct" type="hidden" value="false"/>      <input _tmplitem="74"  class="IsABiologicProduct" type="hidden" value="false"/>      <input _tmplitem="74"  class="IsANationalProduct" type="hidden" value="false"/>      <input _tmplitem="74"  class="IsAGlutenFreeProduct" type="hidden" value="false"/>      <input _tmplitem="74"  class="IsALactoseFreeProduct" type="hidden" value="false"/>      <input _tmplitem="74"  class="IsANewProduct" type="hidden" value="false"/>      <input _tmplitem="74"  class="IsInPromotion" type="hidden" value="false"/>      <input _tmplitem="74"  class="IsATopTenProduct" type="hidden" value="false"/>      <input _tmplitem="74"  class="IsADonationEnabledProduct" type="hidden" value="false"/>      <input _tmplitem="74"  class="IsACheapProduct" type="hidden" value="false"/>      <input _tmplitem="74"  class="IsAnExclusiveProduct" type="hidden" value="false"/>-->        <input class="ItemLevelDiscountAmount" type="hidden" value="">      <input class="ItemLevelLoyaltyDiscountAmount" type="hidden" value="">        <input class="HasWebDiscounts" type="hidden" value="false">      <input class="WebDiscountStartDate" type="hidden" value="">      <input class="WebDiscountEndDate" type="hidden" value="">      <input class="WebDiscountValue" type="hidden" value="">      <input class="WebDiscountIcon" type="hidden" value="">      <input class="WebDiscountQuantity" type="hidden" value="">      <input class="HasRetekDiscounts" type="hidden" value="false">      <input class="RetekDiscountStartDate" type="hidden" value="Tue Sep 06 2016 01:00:00 GMT+0100 (Western European Summer Time)">      <input class="RetekDiscountEndDate" type="hidden" value="Tue Sep 13 2016 00:59:59 GMT+0100 (Western European Summer Time)">      <input class="WebDiscountType" type="hidden" value="">      <input class="RetekDiscountValue" type="hidden" value="25.0000">      <input class="RetekDiscountIcon" type="hidden" value="superPriceIcon">      <input class="RetekDiscountType" type="hidden" value="Percentage">        <input class="HasIsolateShipment" type="hidden" value="">      <input class="HasTaxFree" type="hidden" value="">      <input class="HasCashcardPaymentNotAvailable" type="hidden" value="">      <input class="HasProductGift" type="hidden" value="">      <input class="HasGift" type="hidden" value="">      <input class="HasMoreDetail" type="hidden" value="">        <input class="OriginalListPriceTax" type="hidden" value="0.2319">      <input class="OriginalListPrice" type="hidden" value="1.24">      <input class="PriceCapacityRatioTax" type="hidden" value="4.6374">      <input class="PriceCapacityRatio" type="hidden" value="24.8">      <input class="WebDiscountValueTax" type="hidden" value="0.0">      <input class="RetekDiscountValueTax" type="hidden" value="0.0">      <input class="InventoryCondition" type="hidden" value="0">        <input class="MaxNumberOfUnitsPerSale" type="hidden" value="50">      <input class="MinNumberOfUnitsPerSale" type="hidden" value="1">                                                                                                                                      <input class="showPricesWithTax" type="hidden" value="true">              <input class="pIcons" type="hidden" value="00000000000000000000">    <div class="productBoxTop">        <div class="containerImage">          <div class="image">                        <a href="https://www.continente.pt/stores/continente/pt-pt/public/Pages/ProductDetail.aspx?ProductId=2003212(eCsf_RetekProductCatalog_MegastoreContinenteOnline_Continente)&amp;refiner=%23%2F%3Fpl%3D40" class="ecsf_QuerySuggestions">                                        <img class="lazy" width="150" heigh="150" data-original="https://media.continente.pt/Sonae.eGlobal.Presentation.Web.Media/media.axd?resourceSearchType=2&amp;resource=ProductId=2003212(eCsf$RetekProductCatalog$MegastoreContinenteOnline$Continente)&amp;siteId=1&amp;channelId=1&amp;width=150&amp;height=150&amp;defaultOptions=1" src="https://media.continente.pt/Sonae.eGlobal.Presentation.Web.Media/media.axd?resourceSearchType=2&amp;resource=ProductId=2003212(eCsf$RetekProductCatalog$MegastoreContinenteOnline$Continente)&amp;siteId=1&amp;channelId=1&amp;width=150&amp;height=150&amp;defaultOptions=1" alt="Açafrão das Índias" style="display: inline;">                                </a>                                                  </div>          <div class="discountIcon productIcons">            <div class="largeIcon">              <div class="productDiscountLargeIcon">                                  </div>            </div>                      </div>      </div>      <div class="clearBoth"></div>      <div class="containerDescription">          <div class="title">                                <a class="ecsf_QuerySuggestions" href="https://www.continente.pt/stores/continente/pt-pt/public/Pages/ProductDetail.aspx?ProductId=2003212(eCsf_RetekProductCatalog_MegastoreContinenteOnline_Continente)&amp;refiner=%23%2F%3Fpl%3D40" title="Açafrão das Índias">Açafrão das Índias</a>                        </div>          <div class="type">Margão</div>          <div class="subTitle">                            emb. 50 gr                                </div>              </div>                <div class="containerPrice">                                 <div class="standardPriceContainer-selector">                       <div class="priceFirstRow">                      €                  1,24                                        <span> /un</span>              </div>                                              <div class="priceSecondRow">                          €                                                                                        24,80                                                                                                                                                       <span> /kg</span>                              </div>                                                                        </div>                                           <div class="containerPriceQuantity containerPriceQuantity-selector" style="display: none;">                                              <div class="title">Desconto em quantidade</div>                                              <div class="optionsTable">                                                  <div class="optionRow">                                                      <div class="columnLeft"><span class="quantityOverThreshold-selector"></span></div>                                                      <div class="columnRight"><span class="priceWithDiscountOverThreshold-selector"></span></div>                                                  </div>                                                  <div class="optionRow">                                                      <div class="columnLeft"><span class="quantityUnderThreshold-selector"></span></div>                                                      <div class="columnRight"><span class="priceWithDiscountUnderThreshold-selector"></span></div>                                                  </div>                                              </div>                                          </div>                                                                                    </div>                                          <div class="clearBoth"></div>                                          <div class="productIcons containerIcons">                                                                                        <div class="icons">                                                  <div class="icon">                                                  <div class="productIconWithMeasure"></div>                                                </div>                                                <div class="icon ">                                                  <div class="productIconWithMeasure"></div>                                                </div>                                              </div>                                                                                                                      <div class="discountMessage">                                                              <!-- Discounts original (esta classe deve existir para que o ícone grande funcione) -->                                                              <div class="discountCard" style="display:none">                                                                  <div class="productIcon continenteCard"></div>                                                                  <div class="cardDiscountText">                                                                      <span class="iconDiscountText"></span>                                                                      <span class="discountType Value" style="display:none">                                                                          €                                                          </span>                                                          <span class="discountValue"></span>                                                          <span class="discountType Percentage" style="display:none">                                                              %                                                          </span>                                                      </div>                                                  </div>                                              </div>                                                                                                                                                                                </div>                                                      <div class="clearBoth"></div>                                                      <div class="productQuantityArea">                                                                                                                                <div class="addToBasketUnit">                                                                      <div class="unitsTextBoxArea">                                                                                                                                                <input name="unitsToAdd" class="item_qty unitsTextBox" type="text" value="1" maxlength="3">                                                                                                                                            </div>                                                                      <div class="addRemoveUnits">                                                                                                                                                        <div class="addUnits "><input class="increase-ItemQuantityWithOutUpdate" type="button" title="Add"></div>                                                                              <div class="removeUnits"><input class="decrease-ItemQuantityWithOutUpdate" type="button" title="Remove"></div>                                                                                                                                </div>                                                          </div>                                                            <div class="productActionButtonsArea _addToListBtnWrapper ecsf_add_product_to_shopping_list">                                                              <div class="reserveButtonContainer actionButtonArea">                                                                                                                                                                                                                  <div class="reserveButton ecsf_QuerySuggestions _showNotLoggedPopup">Reservar</div>                                                                                                                                                                                                                          </div>                                                                          <div class="actionButtonArea">                                                                              <div class="buttonLeftBorder"></div>                                                                                                                                                                                                                                                                                                                                                <input class="button add-ToBasket anonBasket ecsf_QuerySuggestions" type="button" name="AddToBasket" value="Carrinho">                                                                                                                                                                                                                                                                                                                                                                                                                  <div class="buttonRightBorder"></div>                                                                      </div>                                                                      <div class="actionButtonArea last">                                                                          <div class="grayButtonLeftBorder"></div>                                                                                                                                                        <input class="grayButton ecsf_QuerySuggestions _showNotLoggedPopup" type="button" name="List" value="Lista">                                                                                                                                                <div class="grayButtonRightBorder"></div>                                                                  </div>                                                                </div>                                                                                                              </div>                                                          </div>                                                            <div class="clearBoth"></div>                                                                                                                                              </div>                              </div>                                                                                     <div class="productItem">                                                            <div class="productBox basketWrapper Continente ecsf_product_icons ecsf_add_product_to_basket">        <input class="IsAlreadyInBasket" type="hidden" value="false">        <input class="item_pid" type="hidden" value="2003461(eCsf_RetekProductCatalog_MegastoreContinenteOnline_Continente)">      <input class="item_variantId" type="hidden" value="">      <input class="item_originalSalesUnit" type="hidden" value="Unit">      <input class="item_channelId" type="hidden" value="1">      <input class="item_unitConversionRate" type="hidden" value="0.0">      <input class="item_listPrice" type="hidden" value="1.19">      <input class="item_requestedSalesUnit" type="hidden" value="Unit">      <input class="item_originalAlternativeSalesUnit" type="hidden" value="" name="originalAlternativeSalesUnit">      <input class="AvailabilityInDays" type="hidden" value="0">        <input class="IsInPromotion" type="hidden" value="false">      <input class="DeferredDelivery" type="hidden" value="0">      <input class="RelatedProductsAggregated" type="hidden" value="">        <input class="HasABuyXGetYFreeDiscount" type="hidden" value="false">      <!--<input _tmplitem="75"  class="IsOwnBrandProduct" type="hidden" value="false"/>      <input _tmplitem="75"  class="IsOwnBrandSelectedProduct" type="hidden" value="false"/>      <input _tmplitem="75"  class="IsAManufacturerClubProduct" type="hidden" value="false"/>      <input _tmplitem="75"  class="IsATopTenProduct" type="hidden" value="false"/>      <input _tmplitem="75"  class="IsAGourmetProduct" type="hidden" value="false"/>      <input _tmplitem="75"  class="IsABiologicProduct" type="hidden" value="false"/>      <input _tmplitem="75"  class="IsANationalProduct" type="hidden" value="false"/>      <input _tmplitem="75"  class="IsAGlutenFreeProduct" type="hidden" value="false"/>      <input _tmplitem="75"  class="IsALactoseFreeProduct" type="hidden" value="false"/>      <input _tmplitem="75"  class="IsANewProduct" type="hidden" value="false"/>      <input _tmplitem="75"  class="IsInPromotion" type="hidden" value="false"/>      <input _tmplitem="75"  class="IsATopTenProduct" type="hidden" value="false"/>      <input _tmplitem="75"  class="IsADonationEnabledProduct" type="hidden" value="false"/>      <input _tmplitem="75"  class="IsACheapProduct" type="hidden" value="false"/>      <input _tmplitem="75"  class="IsAnExclusiveProduct" type="hidden" value="false"/>-->        <input class="ItemLevelDiscountAmount" type="hidden" value="">      <input class="ItemLevelLoyaltyDiscountAmount" type="hidden" value="">        <input class="HasWebDiscounts" type="hidden" value="false">      <input class="WebDiscountStartDate" type="hidden" value="">      <input class="WebDiscountEndDate" type="hidden" value="">      <input class="WebDiscountValue" type="hidden" value="">      <input class="WebDiscountIcon" type="hidden" value="">      <input class="WebDiscountQuantity" type="hidden" value="">      <input class="HasRetekDiscounts" type="hidden" value="false">      <input class="RetekDiscountStartDate" type="hidden" value="Tue Sep 06 2016 01:00:00 GMT+0100 (Western European Summer Time)">      <input class="RetekDiscountEndDate" type="hidden" value="Tue Sep 13 2016 00:59:59 GMT+0100 (Western European Summer Time)">      <input class="WebDiscountType" type="hidden" value="">      <input class="RetekDiscountValue" type="hidden" value="25.0000">      <input class="RetekDiscountIcon" type="hidden" value="superPriceIcon">      <input class="RetekDiscountType" type="hidden" value="Percentage">        <input class="HasIsolateShipment" type="hidden" value="">      <input class="HasTaxFree" type="hidden" value="">      <input class="HasCashcardPaymentNotAvailable" type="hidden" value="">      <input class="HasProductGift" type="hidden" value="">      <input class="HasGift" type="hidden" value="">      <input class="HasMoreDetail" type="hidden" value="">        <input class="OriginalListPriceTax" type="hidden" value="0.2225">      <input class="OriginalListPrice" type="hidden" value="1.19">      <input class="PriceCapacityRatioTax" type="hidden" value="4.4504">      <input class="PriceCapacityRatio" type="hidden" value="23.8">      <input class="WebDiscountValueTax" type="hidden" value="0.0">      <input class="RetekDiscountValueTax" type="hidden" value="0.0">      <input class="InventoryCondition" type="hidden" value="0">        <input class="MaxNumberOfUnitsPerSale" type="hidden" value="50">      <input class="MinNumberOfUnitsPerSale" type="hidden" value="1">                                                                                                                                      <input class="showPricesWithTax" type="hidden" value="true">              <input class="pIcons" type="hidden" value="00000000000000000000">    <div class="productBoxTop">        <div class="containerImage">          <div class="image">                        <a href="https://www.continente.pt/stores/continente/pt-pt/public/Pages/ProductDetail.aspx?ProductId=2003461(eCsf_RetekProductCatalog_MegastoreContinenteOnline_Continente)&amp;refiner=%23%2F%3Fpl%3D40" class="ecsf_QuerySuggestions">                                        <img class="lazy" width="150" heigh="150" data-original="https://media.continente.pt/Sonae.eGlobal.Presentation.Web.Media/media.axd?resourceSearchType=2&amp;resource=ProductId=2003461(eCsf$RetekProductCatalog$MegastoreContinenteOnline$Continente)&amp;siteId=1&amp;channelId=1&amp;width=150&amp;height=150&amp;defaultOptions=1" src="https://media.continente.pt/Sonae.eGlobal.Presentation.Web.Media/media.axd?resourceSearchType=2&amp;resource=ProductId=2003461(eCsf$RetekProductCatalog$MegastoreContinenteOnline$Continente)&amp;siteId=1&amp;channelId=1&amp;width=150&amp;height=150&amp;defaultOptions=1" alt="Pimentão Doce" style="display: inline;">                                </a>                                                  </div>          <div class="discountIcon productIcons">            <div class="largeIcon">              <div class="productDiscountLargeIcon">                                  </div>            </div>                      </div>      </div>      <div class="clearBoth"></div>      <div class="containerDescription">          <div class="title">                                <a class="ecsf_QuerySuggestions" href="https://www.continente.pt/stores/continente/pt-pt/public/Pages/ProductDetail.aspx?ProductId=2003461(eCsf_RetekProductCatalog_MegastoreContinenteOnline_Continente)&amp;refiner=%23%2F%3Fpl%3D40" title="Pimentão Doce">Pimentão Doce</a>                        </div>          <div class="type">Margão</div>          <div class="subTitle">                            emb. 50 gr                                </div>              </div>                <div class="containerPrice">                                 <div class="standardPriceContainer-selector">                       <div class="priceFirstRow">                      €                  1,19                                        <span> /un</span>              </div>                                              <div class="priceSecondRow">                          €                                                                                        23,80                                                                                                                                                       <span> /kg</span>                              </div>                                                                        </div>                                           <div class="containerPriceQuantity containerPriceQuantity-selector" style="display: none;">                                              <div class="title">Desconto em quantidade</div>                                              <div class="optionsTable">                                                  <div class="optionRow">                                                      <div class="columnLeft"><span class="quantityOverThreshold-selector"></span></div>                                                      <div class="columnRight"><span class="priceWithDiscountOverThreshold-selector"></span></div>                                                  </div>                                                  <div class="optionRow">                                                      <div class="columnLeft"><span class="quantityUnderThreshold-selector"></span></div>                                                      <div class="columnRight"><span class="priceWithDiscountUnderThreshold-selector"></span></div>                                                  </div>                                              </div>                                          </div>                                                                                    </div>                                          <div class="clearBoth"></div>                                          <div class="productIcons containerIcons">                                                                                        <div class="icons">                                                  <div class="icon">                                                  <div class="productIconWithMeasure"></div>                                                </div>                                                <div class="icon ">                                                  <div class="productIconWithMeasure"></div>                                                </div>                                              </div>                                                                                                                      <div class="discountMessage">                                                              <!-- Discounts original (esta classe deve existir para que o ícone grande funcione) -->                                                              <div class="discountCard" style="display:none">                                                                  <div class="productIcon continenteCard"></div>                                                                  <div class="cardDiscountText">                                                                      <span class="iconDiscountText"></span>                                                                      <span class="discountType Value" style="display:none">                                                                          €                                                          </span>                                                          <span class="discountValue"></span>                                                          <span class="discountType Percentage" style="display:none">                                                              %                                                          </span>                                                      </div>                                                  </div>                                              </div>                                                                                                                                                                                </div>                                                      <div class="clearBoth"></div>                                                      <div class="productQuantityArea">                                                                                                                                <div class="addToBasketUnit">                                                                      <div class="unitsTextBoxArea">                                                                                                                                                <input name="unitsToAdd" class="item_qty unitsTextBox" type="text" value="1" maxlength="3">                                                                                                                                            </div>                                                                      <div class="addRemoveUnits">                                                                                                                                                        <div class="addUnits "><input class="increase-ItemQuantityWithOutUpdate" type="button" title="Add"></div>                                                                              <div class="removeUnits"><input class="decrease-ItemQuantityWithOutUpdate" type="button" title="Remove"></div>                                                                                                                                </div>                                                          </div>                                                            <div class="productActionButtonsArea _addToListBtnWrapper ecsf_add_product_to_shopping_list">                                                              <div class="reserveButtonContainer actionButtonArea">                                                                                                                                                                                                                  <div class="reserveButton ecsf_QuerySuggestions _showNotLoggedPopup">Reservar</div>                                                                                                                                                                                                                          </div>                                                                          <div class="actionButtonArea">                                                                              <div class="buttonLeftBorder"></div>                                                                                                                                                                                                                                                                                                                                                <input class="button add-ToBasket anonBasket ecsf_QuerySuggestions" type="button" name="AddToBasket" value="Carrinho">                                                                                                                                                                                                                                                                                                                                                                                                                  <div class="buttonRightBorder"></div>                                                                      </div>                                                                      <div class="actionButtonArea last">                                                                          <div class="grayButtonLeftBorder"></div>                                                                                                                                                        <input class="grayButton ecsf_QuerySuggestions _showNotLoggedPopup" type="button" name="List" value="Lista">                                                                                                                                                <div class="grayButtonRightBorder"></div>                                                                  </div>                                                                </div>                                                                                                              </div>                                                          </div>                                                            <div class="clearBoth"></div>                                                                                                                                              </div>                              </div>                                                                                     <div class="productItem">                                                            <div class="productBox basketWrapper Continente ecsf_product_icons ecsf_add_product_to_basket">        <input class="IsAlreadyInBasket" type="hidden" value="false">        <input class="item_pid" type="hidden" value="2003335(eCsf_RetekProductCatalog_MegastoreContinenteOnline_Continente)">      <input class="item_variantId" type="hidden" value="">      <input class="item_originalSalesUnit" type="hidden" value="Unit">      <input class="item_channelId" type="hidden" value="1">      <input class="item_unitConversionRate" type="hidden" value="0.0">      <input class="item_listPrice" type="hidden" value="1.39">      <input class="item_requestedSalesUnit" type="hidden" value="Unit">      <input class="item_originalAlternativeSalesUnit" type="hidden" value="" name="originalAlternativeSalesUnit">      <input class="AvailabilityInDays" type="hidden" value="0">        <input class="IsInPromotion" type="hidden" value="false">      <input class="DeferredDelivery" type="hidden" value="0">      <input class="RelatedProductsAggregated" type="hidden" value="">        <input class="HasABuyXGetYFreeDiscount" type="hidden" value="false">      <!--<input _tmplitem="76"  class="IsOwnBrandProduct" type="hidden" value="false"/>      <input _tmplitem="76"  class="IsOwnBrandSelectedProduct" type="hidden" value="false"/>      <input _tmplitem="76"  class="IsAManufacturerClubProduct" type="hidden" value="false"/>      <input _tmplitem="76"  class="IsATopTenProduct" type="hidden" value="false"/>      <input _tmplitem="76"  class="IsAGourmetProduct" type="hidden" value="false"/>      <input _tmplitem="76"  class="IsABiologicProduct" type="hidden" value="false"/>      <input _tmplitem="76"  class="IsANationalProduct" type="hidden" value="false"/>      <input _tmplitem="76"  class="IsAGlutenFreeProduct" type="hidden" value="false"/>      <input _tmplitem="76"  class="IsALactoseFreeProduct" type="hidden" value="false"/>      <input _tmplitem="76"  class="IsANewProduct" type="hidden" value="false"/>      <input _tmplitem="76"  class="IsInPromotion" type="hidden" value="false"/>      <input _tmplitem="76"  class="IsATopTenProduct" type="hidden" value="false"/>      <input _tmplitem="76"  class="IsADonationEnabledProduct" type="hidden" value="false"/>      <input _tmplitem="76"  class="IsACheapProduct" type="hidden" value="false"/>      <input _tmplitem="76"  class="IsAnExclusiveProduct" type="hidden" value="false"/>-->        <input class="ItemLevelDiscountAmount" type="hidden" value="">      <input class="ItemLevelLoyaltyDiscountAmount" type="hidden" value="">        <input class="HasWebDiscounts" type="hidden" value="false">      <input class="WebDiscountStartDate" type="hidden" value="">      <input class="WebDiscountEndDate" type="hidden" value="">      <input class="WebDiscountValue" type="hidden" value="">      <input class="WebDiscountIcon" type="hidden" value="">      <input class="WebDiscountQuantity" type="hidden" value="">      <input class="HasRetekDiscounts" type="hidden" value="false">      <input class="RetekDiscountStartDate" type="hidden" value="Tue Sep 06 2016 01:00:00 GMT+0100 (Western European Summer Time)">      <input class="RetekDiscountEndDate" type="hidden" value="Tue Sep 13 2016 00:59:59 GMT+0100 (Western European Summer Time)">      <input class="WebDiscountType" type="hidden" value="">      <input class="RetekDiscountValue" type="hidden" value="25.0000">      <input class="RetekDiscountIcon" type="hidden" value="superPriceIcon">      <input class="RetekDiscountType" type="hidden" value="Percentage">        <input class="HasIsolateShipment" type="hidden" value="">      <input class="HasTaxFree" type="hidden" value="">      <input class="HasCashcardPaymentNotAvailable" type="hidden" value="">      <input class="HasProductGift" type="hidden" value="">      <input class="HasGift" type="hidden" value="">      <input class="HasMoreDetail" type="hidden" value="">        <input class="OriginalListPriceTax" type="hidden" value="0.2599">      <input class="OriginalListPrice" type="hidden" value="1.39">      <input class="PriceCapacityRatioTax" type="hidden" value="5.1984">      <input class="PriceCapacityRatio" type="hidden" value="27.8">      <input class="WebDiscountValueTax" type="hidden" value="0.0">      <input class="RetekDiscountValueTax" type="hidden" value="0.0">      <input class="InventoryCondition" type="hidden" value="0">        <input class="MaxNumberOfUnitsPerSale" type="hidden" value="50">      <input class="MinNumberOfUnitsPerSale" type="hidden" value="1">                                                                                                                                      <input class="showPricesWithTax" type="hidden" value="true">              <input class="pIcons" type="hidden" value="00000000000000000000">    <div class="productBoxTop">        <div class="containerImage">          <div class="image">                        <a href="https://www.continente.pt/stores/continente/pt-pt/public/Pages/ProductDetail.aspx?ProductId=2003335(eCsf_RetekProductCatalog_MegastoreContinenteOnline_Continente)&amp;refiner=%23%2F%3Fpl%3D40" class="ecsf_QuerySuggestions">                                        <img class="lazy" width="150" heigh="150" data-original="https://media.continente.pt/Sonae.eGlobal.Presentation.Web.Media/media.axd?resourceSearchType=2&amp;resource=ProductId=2003335(eCsf$RetekProductCatalog$MegastoreContinenteOnline$Continente)&amp;siteId=1&amp;channelId=1&amp;width=150&amp;height=150&amp;defaultOptions=1" src="https://media.continente.pt/Sonae.eGlobal.Presentation.Web.Media/media.axd?resourceSearchType=2&amp;resource=ProductId=2003335(eCsf$RetekProductCatalog$MegastoreContinenteOnline$Continente)&amp;siteId=1&amp;channelId=1&amp;width=150&amp;height=150&amp;defaultOptions=1" alt="Cominhos Moídos" style="display: inline;">                                </a>                                                  </div>          <div class="discountIcon productIcons">            <div class="largeIcon">              <div class="productDiscountLargeIcon">                                  </div>            </div>                      </div>      </div>      <div class="clearBoth"></div>      <div class="containerDescription">          <div class="title">                                <a class="ecsf_QuerySuggestions" href="https://www.continente.pt/stores/continente/pt-pt/public/Pages/ProductDetail.aspx?ProductId=2003335(eCsf_RetekProductCatalog_MegastoreContinenteOnline_Continente)&amp;refiner=%23%2F%3Fpl%3D40" title="Cominhos Moídos">Cominhos Moídos</a>                        </div>          <div class="type">Margão</div>          <div class="subTitle">                            emb. 50 gr                                </div>              </div>                <div class="containerPrice">                                 <div class="standardPriceContainer-selector">                       <div class="priceFirstRow">                      €                  1,39                                        <span> /un</span>              </div>                                              <div class="priceSecondRow">                          €                                                                                        27,80                                                                                                                                                       <span> /kg</span>                              </div>                                                                        </div>                                           <div class="containerPriceQuantity containerPriceQuantity-selector" style="display: none;">                                              <div class="title">Desconto em quantidade</div>                                              <div class="optionsTable">                                                  <div class="optionRow">                                                      <div class="columnLeft"><span class="quantityOverThreshold-selector"></span></div>                                                      <div class="columnRight"><span class="priceWithDiscountOverThreshold-selector"></span></div>                                                  </div>                                                  <div class="optionRow">                                                      <div class="columnLeft"><span class="quantityUnderThreshold-selector"></span></div>                                                      <div class="columnRight"><span class="priceWithDiscountUnderThreshold-selector"></span></div>                                                  </div>                                              </div>                                          </div>                                                                                    </div>                                          <div class="clearBoth"></div>                                          <div class="productIcons containerIcons">                                                                                        <div class="icons">                                                  <div class="icon">                                                  <div class="productIconWithMeasure"></div>                                                </div>                                                <div class="icon ">                                                  <div class="productIconWithMeasure"></div>                                                </div>                                              </div>                                                                                                                      <div class="discountMessage">                                                              <!-- Discounts original (esta classe deve existir para que o ícone grande funcione) -->                                                              <div class="discountCard" style="display:none">                                                                  <div class="productIcon continenteCard"></div>                                                                  <div class="cardDiscountText">                                                                      <span class="iconDiscountText"></span>                                                                      <span class="discountType Value" style="display:none">                                                                          €                                                          </span>                                                          <span class="discountValue"></span>                                                          <span class="discountType Percentage" style="display:none">                                                              %                                                          </span>                                                      </div>                                                  </div>                                              </div>                                                                                                                                                                                </div>                                                      <div class="clearBoth"></div>                                                      <div class="productQuantityArea">                                                                                                                                <div class="addToBasketUnit">                                                                      <div class="unitsTextBoxArea">                                                                                                                                                <input name="unitsToAdd" class="item_qty unitsTextBox" type="text" value="1" maxlength="3">                                                                                                                                            </div>                                                                      <div class="addRemoveUnits">                                                                                                                                                        <div class="addUnits "><input class="increase-ItemQuantityWithOutUpdate" type="button" title="Add"></div>                                                                              <div class="removeUnits"><input class="decrease-ItemQuantityWithOutUpdate" type="button" title="Remove"></div>                                                                                                                                </div>                                                          </div>                                                            <div class="productActionButtonsArea _addToListBtnWrapper ecsf_add_product_to_shopping_list">                                                              <div class="reserveButtonContainer actionButtonArea">                                                                                                                                                                                                                  <div class="reserveButton ecsf_QuerySuggestions _showNotLoggedPopup">Reservar</div>                                                                                                                                                                                                                          </div>                                                                          <div class="actionButtonArea">                                                                              <div class="buttonLeftBorder"></div>                                                                                                                                                                                                                                                                                                                                                <input class="button add-ToBasket anonBasket ecsf_QuerySuggestions" type="button" name="AddToBasket" value="Carrinho">                                                                                                                                                                                                                                                                                                                                                                                                                  <div class="buttonRightBorder"></div>                                                                      </div>                                                                      <div class="actionButtonArea last">                                                                          <div class="grayButtonLeftBorder"></div>                                                                                                                                                        <input class="grayButton ecsf_QuerySuggestions _showNotLoggedPopup" type="button" name="List" value="Lista">                                                                                                                                                <div class="grayButtonRightBorder"></div>                                                                  </div>                                                                </div>                                                                                                              </div>                                                          </div>                                                            <div class="clearBoth"></div>                                                                                                                                              </div>                              </div>                                                                                     <div class="productItem last">                                                            <div class="productBox basketWrapper Continente ecsf_product_icons ecsf_add_product_to_basket">        <input class="IsAlreadyInBasket" type="hidden" value="false">        <input class="item_pid" type="hidden" value="2953437(eCsf_RetekProductCatalog_MegastoreContinenteOnline_Continente)">      <input class="item_variantId" type="hidden" value="">      <input class="item_originalSalesUnit" type="hidden" value="Unit">      <input class="item_channelId" type="hidden" value="1">      <input class="item_unitConversionRate" type="hidden" value="">      <input class="item_listPrice" type="hidden" value="1.59">      <input class="item_requestedSalesUnit" type="hidden" value="Unit">      <input class="item_originalAlternativeSalesUnit" type="hidden" value="" name="originalAlternativeSalesUnit">      <input class="AvailabilityInDays" type="hidden" value="0">        <input class="IsInPromotion" type="hidden" value="false">      <input class="DeferredDelivery" type="hidden" value="0">      <input class="RelatedProductsAggregated" type="hidden" value="">        <input class="HasABuyXGetYFreeDiscount" type="hidden" value="false">      <!--<input _tmplitem="77"  class="IsOwnBrandProduct" type="hidden" value="false"/>      <input _tmplitem="77"  class="IsOwnBrandSelectedProduct" type="hidden" value="false"/>      <input _tmplitem="77"  class="IsAManufacturerClubProduct" type="hidden" value="false"/>      <input _tmplitem="77"  class="IsATopTenProduct" type="hidden" value="false"/>      <input _tmplitem="77"  class="IsAGourmetProduct" type="hidden" value="false"/>      <input _tmplitem="77"  class="IsABiologicProduct" type="hidden" value="false"/>      <input _tmplitem="77"  class="IsANationalProduct" type="hidden" value="false"/>      <input _tmplitem="77"  class="IsAGlutenFreeProduct" type="hidden" value="false"/>      <input _tmplitem="77"  class="IsALactoseFreeProduct" type="hidden" value="false"/>      <input _tmplitem="77"  class="IsANewProduct" type="hidden" value="false"/>      <input _tmplitem="77"  class="IsInPromotion" type="hidden" value="false"/>      <input _tmplitem="77"  class="IsATopTenProduct" type="hidden" value="false"/>      <input _tmplitem="77"  class="IsADonationEnabledProduct" type="hidden" value="false"/>      <input _tmplitem="77"  class="IsACheapProduct" type="hidden" value="false"/>      <input _tmplitem="77"  class="IsAnExclusiveProduct" type="hidden" value="false"/>-->        <input class="ItemLevelDiscountAmount" type="hidden" value="">      <input class="ItemLevelLoyaltyDiscountAmount" type="hidden" value="">        <input class="HasWebDiscounts" type="hidden" value="false">      <input class="WebDiscountStartDate" type="hidden" value="">      <input class="WebDiscountEndDate" type="hidden" value="">      <input class="WebDiscountValue" type="hidden" value="">      <input class="WebDiscountIcon" type="hidden" value="">      <input class="WebDiscountQuantity" type="hidden" value="">      <input class="HasRetekDiscounts" type="hidden" value="false">      <input class="RetekDiscountStartDate" type="hidden" value="Tue Sep 06 2016 01:00:00 GMT+0100 (Western European Summer Time)">      <input class="RetekDiscountEndDate" type="hidden" value="Tue Sep 13 2016 00:59:59 GMT+0100 (Western European Summer Time)">      <input class="WebDiscountType" type="hidden" value="">      <input class="RetekDiscountValue" type="hidden" value="25.0000">      <input class="RetekDiscountIcon" type="hidden" value="superPriceIcon">      <input class="RetekDiscountType" type="hidden" value="Percentage">        <input class="HasIsolateShipment" type="hidden" value="">      <input class="HasTaxFree" type="hidden" value="">      <input class="HasCashcardPaymentNotAvailable" type="hidden" value="">      <input class="HasProductGift" type="hidden" value="">      <input class="HasGift" type="hidden" value="">      <input class="HasMoreDetail" type="hidden" value="">        <input class="OriginalListPriceTax" type="hidden" value="0.2973">      <input class="OriginalListPrice" type="hidden" value="1.59">      <input class="PriceCapacityRatioTax" type="hidden" value="7.8237">      <input class="PriceCapacityRatio" type="hidden" value="41.84">      <input class="WebDiscountValueTax" type="hidden" value="0.0">      <input class="RetekDiscountValueTax" type="hidden" value="0.0">      <input class="InventoryCondition" type="hidden" value="0">        <input class="MaxNumberOfUnitsPerSale" type="hidden" value="50">      <input class="MinNumberOfUnitsPerSale" type="hidden" value="1">                                                                                                                                      <input class="showPricesWithTax" type="hidden" value="true">              <input class="pIcons" type="hidden" value="00000000000000000000">    <div class="productBoxTop">        <div class="containerImage">          <div class="image">                        <a href="https://www.continente.pt/stores/continente/pt-pt/public/Pages/ProductDetail.aspx?ProductId=2953437(eCsf_RetekProductCatalog_MegastoreContinenteOnline_Continente)&amp;refiner=%23%2F%3Fpl%3D40" class="ecsf_QuerySuggestions">                                        <img class="lazy" width="150" heigh="150" data-original="https://media.continente.pt/Sonae.eGlobal.Presentation.Web.Media/media.axd?resourceSearchType=2&amp;resource=ProductId=2953437(eCsf$RetekProductCatalog$MegastoreContinenteOnline$Continente)&amp;siteId=1&amp;channelId=1&amp;width=150&amp;height=150&amp;defaultOptions=1" src="https://media.continente.pt/Sonae.eGlobal.Presentation.Web.Media/media.axd?resourceSearchType=2&amp;resource=ProductId=2953437(eCsf$RetekProductCatalog$MegastoreContinenteOnline$Continente)&amp;siteId=1&amp;channelId=1&amp;width=150&amp;height=150&amp;defaultOptions=1" alt="Gengibre Branco Moído" style="display: inline;">                                </a>                                                  </div>          <div class="discountIcon productIcons">            <div class="largeIcon">              <div class="productDiscountLargeIcon">                                  </div>            </div>                      </div>      </div>      <div class="clearBoth"></div>      <div class="containerDescription">          <div class="title">                                <a class="ecsf_QuerySuggestions" href="https://www.continente.pt/stores/continente/pt-pt/public/Pages/ProductDetail.aspx?ProductId=2953437(eCsf_RetekProductCatalog_MegastoreContinenteOnline_Continente)&amp;refiner=%23%2F%3Fpl%3D40" title="Gengibre Branco Moído">Gengibre Branco Moído</a>                        </div>          <div class="type">Margão</div>          <div class="subTitle">                            emb. 38 gr                                </div>              </div>                <div class="containerPrice">                                 <div class="standardPriceContainer-selector">                       <div class="priceFirstRow">                      €                  1,59                                        <span> /un</span>              </div>                                              <div class="priceSecondRow">                          €                                                                                        41,84                                                                                                                                                       <span> /kg</span>                              </div>                                                                        </div>                                           <div class="containerPriceQuantity containerPriceQuantity-selector" style="display: none;">                                              <div class="title">Desconto em quantidade</div>                                              <div class="optionsTable">                                                  <div class="optionRow">                                                      <div class="columnLeft"><span class="quantityOverThreshold-selector"></span></div>                                                      <div class="columnRight"><span class="priceWithDiscountOverThreshold-selector"></span></div>                                                  </div>                                                  <div class="optionRow">                                                      <div class="columnLeft"><span class="quantityUnderThreshold-selector"></span></div>                                                      <div class="columnRight"><span class="priceWithDiscountUnderThreshold-selector"></span></div>                                                  </div>                                              </div>                                          </div>                                                                                    </div>                                          <div class="clearBoth"></div>                                          <div class="productIcons containerIcons">                                                                                        <div class="icons">                                                  <div class="icon">                                                  <div class="productIconWithMeasure"></div>                                                </div>                                                <div class="icon ">                                                  <div class="productIconWithMeasure"></div>                                                </div>                                              </div>                                                                                                                      <div class="discountMessage">                                                              <!-- Discounts original (esta classe deve existir para que o ícone grande funcione) -->                                                              <div class="discountCard" style="display:none">                                                                  <div class="productIcon continenteCard"></div>                                                                  <div class="cardDiscountText">                                                                      <span class="iconDiscountText"></span>                                                                      <span class="discountType Value" style="display:none">                                                                          €                                                          </span>                                                          <span class="discountValue"></span>                                                          <span class="discountType Percentage" style="display:none">                                                              %                                                          </span>                                                      </div>                                                  </div>                                              </div>                                                                                                                                                                                </div>                                                      <div class="clearBoth"></div>                                                      <div class="productQuantityArea">                                                                                                                                <div class="addToBasketUnit">                                                                      <div class="unitsTextBoxArea">                                                                                                                                                <input name="unitsToAdd" class="item_qty unitsTextBox" type="text" value="1" maxlength="3">                                                                                                                                            </div>                                                                      <div class="addRemoveUnits">                                                                                                                                                        <div class="addUnits "><input class="increase-ItemQuantityWithOutUpdate" type="button" title="Add"></div>                                                                              <div class="removeUnits"><input class="decrease-ItemQuantityWithOutUpdate" type="button" title="Remove"></div>                                                                                                                                </div>                                                          </div>                                                            <div class="productActionButtonsArea _addToListBtnWrapper ecsf_add_product_to_shopping_list">                                                              <div class="reserveButtonContainer actionButtonArea">                                                                                                                                                                                                                  <div class="reserveButton ecsf_QuerySuggestions _showNotLoggedPopup">Reservar</div>                                                                                                                                                                                                                          </div>                                                                          <div class="actionButtonArea">                                                                              <div class="buttonLeftBorder"></div>                                                                                                                                                                                                                                                                                                                                                <input class="button add-ToBasket anonBasket ecsf_QuerySuggestions" type="button" name="AddToBasket" value="Carrinho">                                                                                                                                                                                                                                                                                                                                                                                                                  <div class="buttonRightBorder"></div>                                                                      </div>                                                                      <div class="actionButtonArea last">                                                                          <div class="grayButtonLeftBorder"></div>                                                                                                                                                        <input class="grayButton ecsf_QuerySuggestions _showNotLoggedPopup" type="button" name="List" value="Lista">                                                                                                                                                <div class="grayButtonRightBorder"></div>                                                                  </div>                                                                </div>                                                                                                              </div>                                                          </div>                                                            <div class="clearBoth"></div>                                                                                                                                              </div>                              </div>                                                                                     <div class="productItem">                                                            <div class="productBox basketWrapper Continente ecsf_product_icons ecsf_add_product_to_basket">        <input class="IsAlreadyInBasket" type="hidden" value="false">        <input class="item_pid" type="hidden" value="2003457(eCsf_RetekProductCatalog_MegastoreContinenteOnline_Continente)">      <input class="item_variantId" type="hidden" value="">      <input class="item_originalSalesUnit" type="hidden" value="Unit">      <input class="item_channelId" type="hidden" value="1">      <input class="item_unitConversionRate" type="hidden" value="0.0">      <input class="item_listPrice" type="hidden" value="1.59">      <input class="item_requestedSalesUnit" type="hidden" value="Unit">      <input class="item_originalAlternativeSalesUnit" type="hidden" value="" name="originalAlternativeSalesUnit">      <input class="AvailabilityInDays" type="hidden" value="0">        <input class="IsInPromotion" type="hidden" value="false">      <input class="DeferredDelivery" type="hidden" value="0">      <input class="RelatedProductsAggregated" type="hidden" value="">        <input class="HasABuyXGetYFreeDiscount" type="hidden" value="false">      <!--<input _tmplitem="78"  class="IsOwnBrandProduct" type="hidden" value="false"/>      <input _tmplitem="78"  class="IsOwnBrandSelectedProduct" type="hidden" value="false"/>      <input _tmplitem="78"  class="IsAManufacturerClubProduct" type="hidden" value="false"/>      <input _tmplitem="78"  class="IsATopTenProduct" type="hidden" value="false"/>      <input _tmplitem="78"  class="IsAGourmetProduct" type="hidden" value="false"/>      <input _tmplitem="78"  class="IsABiologicProduct" type="hidden" value="false"/>      <input _tmplitem="78"  class="IsANationalProduct" type="hidden" value="false"/>      <input _tmplitem="78"  class="IsAGlutenFreeProduct" type="hidden" value="false"/>      <input _tmplitem="78"  class="IsALactoseFreeProduct" type="hidden" value="false"/>      <input _tmplitem="78"  class="IsANewProduct" type="hidden" value="false"/>      <input _tmplitem="78"  class="IsInPromotion" type="hidden" value="false"/>      <input _tmplitem="78"  class="IsATopTenProduct" type="hidden" value="false"/>      <input _tmplitem="78"  class="IsADonationEnabledProduct" type="hidden" value="false"/>      <input _tmplitem="78"  class="IsACheapProduct" type="hidden" value="false"/>      <input _tmplitem="78"  class="IsAnExclusiveProduct" type="hidden" value="false"/>-->        <input class="ItemLevelDiscountAmount" type="hidden" value="">      <input class="ItemLevelLoyaltyDiscountAmount" type="hidden" value="">        <input class="HasWebDiscounts" type="hidden" value="false">      <input class="WebDiscountStartDate" type="hidden" value="">      <input class="WebDiscountEndDate" type="hidden" value="">      <input class="WebDiscountValue" type="hidden" value="">      <input class="WebDiscountIcon" type="hidden" value="">      <input class="WebDiscountQuantity" type="hidden" value="">      <input class="HasRetekDiscounts" type="hidden" value="false">      <input class="RetekDiscountStartDate" type="hidden" value="Tue Sep 06 2016 01:00:00 GMT+0100 (Western European Summer Time)">      <input class="RetekDiscountEndDate" type="hidden" value="Tue Sep 13 2016 00:59:59 GMT+0100 (Western European Summer Time)">      <input class="WebDiscountType" type="hidden" value="">      <input class="RetekDiscountValue" type="hidden" value="25.0000">      <input class="RetekDiscountIcon" type="hidden" value="superPriceIcon">      <input class="RetekDiscountType" type="hidden" value="Percentage">        <input class="HasIsolateShipment" type="hidden" value="">      <input class="HasTaxFree" type="hidden" value="">      <input class="HasCashcardPaymentNotAvailable" type="hidden" value="">      <input class="HasProductGift" type="hidden" value="">      <input class="HasGift" type="hidden" value="">      <input class="HasMoreDetail" type="hidden" value="">        <input class="OriginalListPriceTax" type="hidden" value="0.2973">      <input class="OriginalListPrice" type="hidden" value="1.59">      <input class="PriceCapacityRatioTax" type="hidden" value="2.9732">      <input class="PriceCapacityRatio" type="hidden" value="15.9">      <input class="WebDiscountValueTax" type="hidden" value="0.0">      <input class="RetekDiscountValueTax" type="hidden" value="0.0">      <input class="InventoryCondition" type="hidden" value="0">        <input class="MaxNumberOfUnitsPerSale" type="hidden" value="50">      <input class="MinNumberOfUnitsPerSale" type="hidden" value="1">                                                                                                                                      <input class="showPricesWithTax" type="hidden" value="true">              <input class="pIcons" type="hidden" value="00000000000000000000">    <div class="productBoxTop">        <div class="containerImage">          <div class="image">                        <a href="https://www.continente.pt/stores/continente/pt-pt/public/Pages/ProductDetail.aspx?ProductId=2003457(eCsf_RetekProductCatalog_MegastoreContinenteOnline_Continente)&amp;refiner=%23%2F%3Fpl%3D40" class="ecsf_QuerySuggestions">                                        <img class="lazy" width="150" heigh="150" data-original="https://media.continente.pt/Sonae.eGlobal.Presentation.Web.Media/media.axd?resourceSearchType=2&amp;resource=ProductId=2003457(eCsf$RetekProductCatalog$MegastoreContinenteOnline$Continente)&amp;siteId=1&amp;channelId=1&amp;width=150&amp;height=150&amp;defaultOptions=1" src="https://media.continente.pt/Sonae.eGlobal.Presentation.Web.Media/media.axd?resourceSearchType=2&amp;resource=ProductId=2003457(eCsf$RetekProductCatalog$MegastoreContinenteOnline$Continente)&amp;siteId=1&amp;channelId=1&amp;width=150&amp;height=150&amp;defaultOptions=1" alt="Pimentão Doce" style="display: inline;">                                </a>                                                  </div>          <div class="discountIcon productIcons">            <div class="largeIcon">              <div class="productDiscountLargeIcon">                                  </div>            </div>                      </div>      </div>      <div class="clearBoth"></div>      <div class="containerDescription">          <div class="title">                                <a class="ecsf_QuerySuggestions" href="https://www.continente.pt/stores/continente/pt-pt/public/Pages/ProductDetail.aspx?ProductId=2003457(eCsf_RetekProductCatalog_MegastoreContinenteOnline_Continente)&amp;refiner=%23%2F%3Fpl%3D40" title="Pimentão Doce">Pimentão Doce</a>                        </div>          <div class="type">Margão</div>          <div class="subTitle">                            emb. 100 gr                                </div>              </div>                <div class="containerPrice">                                 <div class="standardPriceContainer-selector">                       <div class="priceFirstRow">                      €                  1,59                                        <span> /un</span>              </div>                                              <div class="priceSecondRow">                          €                                                                                        15,90                                                                                                                                                       <span> /kg</span>                              </div>                                                                        </div>                                           <div class="containerPriceQuantity containerPriceQuantity-selector" style="display: none;">                                              <div class="title">Desconto em quantidade</div>                                              <div class="optionsTable">                                                  <div class="optionRow">                                                      <div class="columnLeft"><span class="quantityOverThreshold-selector"></span></div>                                                      <div class="columnRight"><span class="priceWithDiscountOverThreshold-selector"></span></div>                                                  </div>                                                  <div class="optionRow">                                                      <div class="columnLeft"><span class="quantityUnderThreshold-selector"></span></div>                                                      <div class="columnRight"><span class="priceWithDiscountUnderThreshold-selector"></span></div>                                                  </div>                                              </div>                                          </div>                                                                                    </div>                                          <div class="clearBoth"></div>                                          <div class="productIcons containerIcons">                                                                                        <div class="icons">                                                  <div class="icon">                                                  <div class="productIconWithMeasure"></div>                                                </div>                                                <div class="icon ">                                                  <div class="productIconWithMeasure"></div>                                                </div>                                              </div>                                                                                                                      <div class="discountMessage">                                                              <!-- Discounts original (esta classe deve existir para que o ícone grande funcione) -->                                                              <div class="discountCard" style="display:none">                                                                  <div class="productIcon continenteCard"></div>                                                                  <div class="cardDiscountText">                                                                      <span class="iconDiscountText"></span>                                                                      <span class="discountType Value" style="display:none">                                                                          €                                                          </span>                                                          <span class="discountValue"></span>                                                          <span class="discountType Percentage" style="display:none">                                                              %                                                          </span>                                                      </div>                                                  </div>                                              </div>                                                                                                                                                                                </div>                                                      <div class="clearBoth"></div>                                                      <div class="productQuantityArea">                                                                                                                                <div class="addToBasketUnit">                                                                      <div class="unitsTextBoxArea">                                                                                                                                                <input name="unitsToAdd" class="item_qty unitsTextBox" type="text" value="1" maxlength="3">                                                                                                                                            </div>                                                                      <div class="addRemoveUnits">                                                                                                                                                        <div class="addUnits "><input class="increase-ItemQuantityWithOutUpdate" type="button" title="Add"></div>                                                                              <div class="removeUnits"><input class="decrease-ItemQuantityWithOutUpdate" type="button" title="Remove"></div>                                                                                                                                </div>                                                          </div>                                                            <div class="productActionButtonsArea _addToListBtnWrapper ecsf_add_product_to_shopping_list">                                                              <div class="reserveButtonContainer actionButtonArea">                                                                                                                                                                                                                  <div class="reserveButton ecsf_QuerySuggestions _showNotLoggedPopup">Reservar</div>                                                                                                                                                                                                                          </div>                                                                          <div class="actionButtonArea">                                                                              <div class="buttonLeftBorder"></div>                                                                                                                                                                                                                                                                                                                                                <input class="button add-ToBasket anonBasket ecsf_QuerySuggestions" type="button" name="AddToBasket" value="Carrinho">                                                                                                                                                                                                                                                                                                                                                                                                                  <div class="buttonRightBorder"></div>                                                                      </div>                                                                      <div class="actionButtonArea last">                                                                          <div class="grayButtonLeftBorder"></div>                                                                                                                                                        <input class="grayButton ecsf_QuerySuggestions _showNotLoggedPopup" type="button" name="List" value="Lista">                                                                                                                                                <div class="grayButtonRightBorder"></div>                                                                  </div>                                                                </div>                                                                                                              </div>                                                          </div>                                                            <div class="clearBoth"></div>                                                                                                                                              </div>                              </div>                                                                                     <div class="productItem">                                                            <div class="productBox basketWrapper Continente ecsf_product_icons ecsf_add_product_to_basket">        <input class="IsAlreadyInBasket" type="hidden" value="false">        <input class="item_pid" type="hidden" value="2003464(eCsf_RetekProductCatalog_MegastoreContinenteOnline_Continente)">      <input class="item_variantId" type="hidden" value="">      <input class="item_originalSalesUnit" type="hidden" value="Unit">      <input class="item_channelId" type="hidden" value="1">      <input class="item_unitConversionRate" type="hidden" value="0.0">      <input class="item_listPrice" type="hidden" value="1.39">      <input class="item_requestedSalesUnit" type="hidden" value="Unit">      <input class="item_originalAlternativeSalesUnit" type="hidden" value="" name="originalAlternativeSalesUnit">      <input class="AvailabilityInDays" type="hidden" value="0">        <input class="IsInPromotion" type="hidden" value="false">      <input class="DeferredDelivery" type="hidden" value="0">      <input class="RelatedProductsAggregated" type="hidden" value="">        <input class="HasABuyXGetYFreeDiscount" type="hidden" value="false">      <!--<input _tmplitem="79"  class="IsOwnBrandProduct" type="hidden" value="false"/>      <input _tmplitem="79"  class="IsOwnBrandSelectedProduct" type="hidden" value="false"/>      <input _tmplitem="79"  class="IsAManufacturerClubProduct" type="hidden" value="false"/>      <input _tmplitem="79"  class="IsATopTenProduct" type="hidden" value="false"/>      <input _tmplitem="79"  class="IsAGourmetProduct" type="hidden" value="false"/>      <input _tmplitem="79"  class="IsABiologicProduct" type="hidden" value="false"/>      <input _tmplitem="79"  class="IsANationalProduct" type="hidden" value="false"/>      <input _tmplitem="79"  class="IsAGlutenFreeProduct" type="hidden" value="false"/>      <input _tmplitem="79"  class="IsALactoseFreeProduct" type="hidden" value="false"/>      <input _tmplitem="79"  class="IsANewProduct" type="hidden" value="false"/>      <input _tmplitem="79"  class="IsInPromotion" type="hidden" value="false"/>      <input _tmplitem="79"  class="IsATopTenProduct" type="hidden" value="false"/>      <input _tmplitem="79"  class="IsADonationEnabledProduct" type="hidden" value="false"/>      <input _tmplitem="79"  class="IsACheapProduct" type="hidden" value="false"/>      <input _tmplitem="79"  class="IsAnExclusiveProduct" type="hidden" value="false"/>-->        <input class="ItemLevelDiscountAmount" type="hidden" value="">      <input class="ItemLevelLoyaltyDiscountAmount" type="hidden" value="">        <input class="HasWebDiscounts" type="hidden" value="false">      <input class="WebDiscountStartDate" type="hidden" value="">      <input class="WebDiscountEndDate" type="hidden" value="">      <input class="WebDiscountValue" type="hidden" value="">      <input class="WebDiscountIcon" type="hidden" value="">      <input class="WebDiscountQuantity" type="hidden" value="">      <input class="HasRetekDiscounts" type="hidden" value="false">      <input class="RetekDiscountStartDate" type="hidden" value="Tue Sep 06 2016 01:00:00 GMT+0100 (Western European Summer Time)">      <input class="RetekDiscountEndDate" type="hidden" value="Tue Sep 13 2016 00:59:59 GMT+0100 (Western European Summer Time)">      <input class="WebDiscountType" type="hidden" value="">      <input class="RetekDiscountValue" type="hidden" value="25.0000">      <input class="RetekDiscountIcon" type="hidden" value="superPriceIcon">      <input class="RetekDiscountType" type="hidden" value="Percentage">        <input class="HasIsolateShipment" type="hidden" value="">      <input class="HasTaxFree" type="hidden" value="">      <input class="HasCashcardPaymentNotAvailable" type="hidden" value="">      <input class="HasProductGift" type="hidden" value="">      <input class="HasGift" type="hidden" value="">      <input class="HasMoreDetail" type="hidden" value="">        <input class="OriginalListPriceTax" type="hidden" value="0.2599">      <input class="OriginalListPrice" type="hidden" value="1.39">      <input class="PriceCapacityRatioTax" type="hidden" value="5.1984">      <input class="PriceCapacityRatio" type="hidden" value="27.8">      <input class="WebDiscountValueTax" type="hidden" value="0.0">      <input class="RetekDiscountValueTax" type="hidden" value="0.0">      <input class="InventoryCondition" type="hidden" value="0">        <input class="MaxNumberOfUnitsPerSale" type="hidden" value="50">      <input class="MinNumberOfUnitsPerSale" type="hidden" value="1">                                                                                                                                      <input class="showPricesWithTax" type="hidden" value="true">              <input class="pIcons" type="hidden" value="00000000000000000000">    <div class="productBoxTop">        <div class="containerImage">          <div class="image">                        <a href="https://www.continente.pt/stores/continente/pt-pt/public/Pages/ProductDetail.aspx?ProductId=2003464(eCsf_RetekProductCatalog_MegastoreContinenteOnline_Continente)&amp;refiner=%23%2F%3Fpl%3D40" class="ecsf_QuerySuggestions">                                        <img class="lazy" width="150" heigh="150" data-original="https://media.continente.pt/Sonae.eGlobal.Presentation.Web.Media/media.axd?resourceSearchType=2&amp;resource=ProductId=2003464(eCsf$RetekProductCatalog$MegastoreContinenteOnline$Continente)&amp;siteId=1&amp;channelId=1&amp;width=150&amp;height=150&amp;defaultOptions=1" src="https://media.continente.pt/Sonae.eGlobal.Presentation.Web.Media/media.axd?resourceSearchType=2&amp;resource=ProductId=2003464(eCsf$RetekProductCatalog$MegastoreContinenteOnline$Continente)&amp;siteId=1&amp;channelId=1&amp;width=150&amp;height=150&amp;defaultOptions=1" alt="Piripíri Moído" style="display: inline;">                                </a>                                                  </div>          <div class="discountIcon productIcons">            <div class="largeIcon">              <div class="productDiscountLargeIcon">                                  </div>            </div>                      </div>      </div>      <div class="clearBoth"></div>      <div class="containerDescription">          <div class="title">                                <a class="ecsf_QuerySuggestions" href="https://www.continente.pt/stores/continente/pt-pt/public/Pages/ProductDetail.aspx?ProductId=2003464(eCsf_RetekProductCatalog_MegastoreContinenteOnline_Continente)&amp;refiner=%23%2F%3Fpl%3D40" title="Piripíri Moído">Piripíri Moído</a>                        </div>          <div class="type">Margão</div>          <div class="subTitle">                            emb. 50 gr                                </div>              </div>                <div class="containerPrice">                                 <div class="standardPriceContainer-selector">                       <div class="priceFirstRow">                      €                  1,39                                        <span> /un</span>              </div>                                              <div class="priceSecondRow">                          €                                                                                        27,80                                                                                                                                                       <span> /kg</span>                              </div>                                                                        </div>                                           <div class="containerPriceQuantity containerPriceQuantity-selector" style="display: none;">                                              <div class="title">Desconto em quantidade</div>                                              <div class="optionsTable">                                                  <div class="optionRow">                                                      <div class="columnLeft"><span class="quantityOverThreshold-selector"></span></div>                                                      <div class="columnRight"><span class="priceWithDiscountOverThreshold-selector"></span></div>                                                  </div>                                                  <div class="optionRow">                                                      <div class="columnLeft"><span class="quantityUnderThreshold-selector"></span></div>                                                      <div class="columnRight"><span class="priceWithDiscountUnderThreshold-selector"></span></div>                                                  </div>                                              </div>                                          </div>                                                                                    </div>                                          <div class="clearBoth"></div>                                          <div class="productIcons containerIcons">                                                                                        <div class="icons">                                                  <div class="icon">                                                  <div class="productIconWithMeasure"></div>                                                </div>                                                <div class="icon ">                                                  <div class="productIconWithMeasure"></div>                                                </div>                                              </div>                                                                                                                      <div class="discountMessage">                                                              <!-- Discounts original (esta classe deve existir para que o ícone grande funcione) -->                                                              <div class="discountCard" style="display:none">                                                                  <div class="productIcon continenteCard"></div>                                                                  <div class="cardDiscountText">                                                                      <span class="iconDiscountText"></span>                                                                      <span class="discountType Value" style="display:none">                                                                          €                                                          </span>                                                          <span class="discountValue"></span>                                                          <span class="discountType Percentage" style="display:none">                                                              %                                                          </span>                                                      </div>                                                  </div>                                              </div>                                                                                                                                                                                </div>                                                      <div class="clearBoth"></div>                                                      <div class="productQuantityArea">                                                                                                                                <div class="addToBasketUnit">                                                                      <div class="unitsTextBoxArea">                                                                                                                                                <input name="unitsToAdd" class="item_qty unitsTextBox" type="text" value="1" maxlength="3">                                                                                                                                            </div>                                                                      <div class="addRemoveUnits">                                                                                                                                                        <div class="addUnits "><input class="increase-ItemQuantityWithOutUpdate" type="button" title="Add"></div>                                                                              <div class="removeUnits"><input class="decrease-ItemQuantityWithOutUpdate" type="button" title="Remove"></div>                                                                                                                                </div>                                                          </div>                                                            <div class="productActionButtonsArea _addToListBtnWrapper ecsf_add_product_to_shopping_list">                                                              <div class="reserveButtonContainer actionButtonArea">                                                                                                                                                                                                                  <div class="reserveButton ecsf_QuerySuggestions _showNotLoggedPopup">Reservar</div>                                                                                                                                                                                                                          </div>                                                                          <div class="actionButtonArea">                                                                              <div class="buttonLeftBorder"></div>                                                                                                                                                                                                                                                                                                                                                <input class="button add-ToBasket anonBasket ecsf_QuerySuggestions" type="button" name="AddToBasket" value="Carrinho">                                                                                                                                                                                                                                                                                                                                                                                                                  <div class="buttonRightBorder"></div>                                                                      </div>                                                                      <div class="actionButtonArea last">                                                                          <div class="grayButtonLeftBorder"></div>                                                                                                                                                        <input class="grayButton ecsf_QuerySuggestions _showNotLoggedPopup" type="button" name="List" value="Lista">                                                                                                                                                <div class="grayButtonRightBorder"></div>                                                                  </div>                                                                </div>                                                                                                              </div>                                                          </div>                                                            <div class="clearBoth"></div>                                                                                                                                              </div>                              </div>                                                                                     <div class="productItem">                                                            <div class="productBox basketWrapper Continente ecsf_product_icons ecsf_add_product_to_basket">        <input class="IsAlreadyInBasket" type="hidden" value="false">        <input class="item_pid" type="hidden" value="2003223(eCsf_RetekProductCatalog_MegastoreContinenteOnline_Continente)">      <input class="item_variantId" type="hidden" value="">      <input class="item_originalSalesUnit" type="hidden" value="Unit">      <input class="item_channelId" type="hidden" value="1">      <input class="item_unitConversionRate" type="hidden" value="0.0">      <input class="item_listPrice" type="hidden" value="1.39">      <input class="item_requestedSalesUnit" type="hidden" value="Unit">      <input class="item_originalAlternativeSalesUnit" type="hidden" value="" name="originalAlternativeSalesUnit">      <input class="AvailabilityInDays" type="hidden" value="0">        <input class="IsInPromotion" type="hidden" value="false">      <input class="DeferredDelivery" type="hidden" value="0">      <input class="RelatedProductsAggregated" type="hidden" value="">        <input class="HasABuyXGetYFreeDiscount" type="hidden" value="false">      <!--<input _tmplitem="80"  class="IsOwnBrandProduct" type="hidden" value="false"/>      <input _tmplitem="80"  class="IsOwnBrandSelectedProduct" type="hidden" value="false"/>      <input _tmplitem="80"  class="IsAManufacturerClubProduct" type="hidden" value="false"/>      <input _tmplitem="80"  class="IsATopTenProduct" type="hidden" value="false"/>      <input _tmplitem="80"  class="IsAGourmetProduct" type="hidden" value="false"/>      <input _tmplitem="80"  class="IsABiologicProduct" type="hidden" value="false"/>      <input _tmplitem="80"  class="IsANationalProduct" type="hidden" value="false"/>      <input _tmplitem="80"  class="IsAGlutenFreeProduct" type="hidden" value="false"/>      <input _tmplitem="80"  class="IsALactoseFreeProduct" type="hidden" value="false"/>      <input _tmplitem="80"  class="IsANewProduct" type="hidden" value="false"/>      <input _tmplitem="80"  class="IsInPromotion" type="hidden" value="false"/>      <input _tmplitem="80"  class="IsATopTenProduct" type="hidden" value="false"/>      <input _tmplitem="80"  class="IsADonationEnabledProduct" type="hidden" value="false"/>      <input _tmplitem="80"  class="IsACheapProduct" type="hidden" value="false"/>      <input _tmplitem="80"  class="IsAnExclusiveProduct" type="hidden" value="false"/>-->        <input class="ItemLevelDiscountAmount" type="hidden" value="">      <input class="ItemLevelLoyaltyDiscountAmount" type="hidden" value="">        <input class="HasWebDiscounts" type="hidden" value="false">      <input class="WebDiscountStartDate" type="hidden" value="">      <input class="WebDiscountEndDate" type="hidden" value="">      <input class="WebDiscountValue" type="hidden" value="">      <input class="WebDiscountIcon" type="hidden" value="">      <input class="WebDiscountQuantity" type="hidden" value="">      <input class="HasRetekDiscounts" type="hidden" value="false">      <input class="RetekDiscountStartDate" type="hidden" value="Tue Sep 06 2016 01:00:00 GMT+0100 (Western European Summer Time)">      <input class="RetekDiscountEndDate" type="hidden" value="Tue Sep 13 2016 00:59:59 GMT+0100 (Western European Summer Time)">      <input class="WebDiscountType" type="hidden" value="">      <input class="RetekDiscountValue" type="hidden" value="25.0000">      <input class="RetekDiscountIcon" type="hidden" value="superPriceIcon">      <input class="RetekDiscountType" type="hidden" value="Percentage">        <input class="HasIsolateShipment" type="hidden" value="">      <input class="HasTaxFree" type="hidden" value="">      <input class="HasCashcardPaymentNotAvailable" type="hidden" value="">      <input class="HasProductGift" type="hidden" value="">      <input class="HasGift" type="hidden" value="">      <input class="HasMoreDetail" type="hidden" value="">        <input class="OriginalListPriceTax" type="hidden" value="0.2599">      <input class="OriginalListPrice" type="hidden" value="1.39">      <input class="PriceCapacityRatioTax" type="hidden" value="5.1984">      <input class="PriceCapacityRatio" type="hidden" value="27.8">      <input class="WebDiscountValueTax" type="hidden" value="0.0">      <input class="RetekDiscountValueTax" type="hidden" value="0.0">      <input class="InventoryCondition" type="hidden" value="0">        <input class="MaxNumberOfUnitsPerSale" type="hidden" value="50">      <input class="MinNumberOfUnitsPerSale" type="hidden" value="1">                                                                                                                                      <input class="showPricesWithTax" type="hidden" value="true">              <input class="pIcons" type="hidden" value="00000000000000000000">    <div class="productBoxTop">        <div class="containerImage">          <div class="image">                        <a href="https://www.continente.pt/stores/continente/pt-pt/public/Pages/ProductDetail.aspx?ProductId=2003223(eCsf_RetekProductCatalog_MegastoreContinenteOnline_Continente)&amp;refiner=%23%2F%3Fpl%3D40" class="ecsf_QuerySuggestions">                                        <img class="lazy" width="150" heigh="150" data-original="https://media.continente.pt/Sonae.eGlobal.Presentation.Web.Media/media.axd?resourceSearchType=2&amp;resource=ProductId=2003223(eCsf$RetekProductCatalog$MegastoreContinenteOnline$Continente)&amp;siteId=1&amp;channelId=1&amp;width=150&amp;height=150&amp;defaultOptions=1" src="https://media.continente.pt/Sonae.eGlobal.Presentation.Web.Media/media.axd?resourceSearchType=2&amp;resource=ProductId=2003223(eCsf$RetekProductCatalog$MegastoreContinenteOnline$Continente)&amp;siteId=1&amp;channelId=1&amp;width=150&amp;height=150&amp;defaultOptions=1" alt="Caril" style="display: inline;">                                </a>                                                  </div>          <div class="discountIcon productIcons">            <div class="largeIcon">              <div class="productDiscountLargeIcon">                                  </div>            </div>                      </div>      </div>      <div class="clearBoth"></div>      <div class="containerDescription">          <div class="title">                                <a class="ecsf_QuerySuggestions" href="https://www.continente.pt/stores/continente/pt-pt/public/Pages/ProductDetail.aspx?ProductId=2003223(eCsf_RetekProductCatalog_MegastoreContinenteOnline_Continente)&amp;refiner=%23%2F%3Fpl%3D40" title="Caril">Caril</a>                        </div>          <div class="type">Margão</div>          <div class="subTitle">                            emb. 50 gr                                </div>              </div>                <div class="containerPrice">                                 <div class="standardPriceContainer-selector">                       <div class="priceFirstRow">                      €                  1,39                                        <span> /un</span>              </div>                                              <div class="priceSecondRow">                          €                                                                                        27,80                                                                                                                                                       <span> /kg</span>                              </div>                                                                        </div>                                           <div class="containerPriceQuantity containerPriceQuantity-selector" style="display: none;">                                              <div class="title">Desconto em quantidade</div>                                              <div class="optionsTable">                                                  <div class="optionRow">                                                      <div class="columnLeft"><span class="quantityOverThreshold-selector"></span></div>                                                      <div class="columnRight"><span class="priceWithDiscountOverThreshold-selector"></span></div>                                                  </div>                                                  <div class="optionRow">                                                      <div class="columnLeft"><span class="quantityUnderThreshold-selector"></span></div>                                                      <div class="columnRight"><span class="priceWithDiscountUnderThreshold-selector"></span></div>                                                  </div>                                              </div>                                          </div>                                                                                    </div>                                          <div class="clearBoth"></div>                                          <div class="productIcons containerIcons">                                                                                        <div class="icons">                                                  <div class="icon">                                                  <div class="productIconWithMeasure"></div>                                                </div>                                                <div class="icon ">                                                  <div class="productIconWithMeasure"></div>                                                </div>                                              </div>                                                                                                                      <div class="discountMessage">                                                              <!-- Discounts original (esta classe deve existir para que o ícone grande funcione) -->                                                              <div class="discountCard" style="display:none">                                                                  <div class="productIcon continenteCard"></div>                                                                  <div class="cardDiscountText">                                                                      <span class="iconDiscountText"></span>                                                                      <span class="discountType Value" style="display:none">                                                                          €                                                          </span>                                                          <span class="discountValue"></span>                                                          <span class="discountType Percentage" style="display:none">                                                              %                                                          </span>                                                      </div>                                                  </div>                                              </div>                                                                                                                                                                                </div>                                                      <div class="clearBoth"></div>                                                      <div class="productQuantityArea">                                                                                                                                <div class="addToBasketUnit">                                                                      <div class="unitsTextBoxArea">                                                                                                                                                <input name="unitsToAdd" class="item_qty unitsTextBox" type="text" value="1" maxlength="3">                                                                                                                                            </div>                                                                      <div class="addRemoveUnits">                                                                                                                                                        <div class="addUnits "><input class="increase-ItemQuantityWithOutUpdate" type="button" title="Add"></div>                                                                              <div class="removeUnits"><input class="decrease-ItemQuantityWithOutUpdate" type="button" title="Remove"></div>                                                                                                                                </div>                                                          </div>                                                            <div class="productActionButtonsArea _addToListBtnWrapper ecsf_add_product_to_shopping_list">                                                              <div class="reserveButtonContainer actionButtonArea">                                                                                                                                                                                                                  <div class="reserveButton ecsf_QuerySuggestions _showNotLoggedPopup">Reservar</div>                                                                                                                                                                                                                          </div>                                                                          <div class="actionButtonArea">                                                                              <div class="buttonLeftBorder"></div>                                                                                                                                                                                                                                                                                                                                                <input class="button add-ToBasket anonBasket ecsf_QuerySuggestions" type="button" name="AddToBasket" value="Carrinho">                                                                                                                                                                                                                                                                                                                                                                                                                  <div class="buttonRightBorder"></div>                                                                      </div>                                                                      <div class="actionButtonArea last">                                                                          <div class="grayButtonLeftBorder"></div>                                                                                                                                                        <input class="grayButton ecsf_QuerySuggestions _showNotLoggedPopup" type="button" name="List" value="Lista">                                                                                                                                                <div class="grayButtonRightBorder"></div>                                                                  </div>                                                                </div>                                                                                                              </div>                                                          </div>                                                            <div class="clearBoth"></div>                                                                                                                                              </div>                              </div>                                                                                     <div class="productItem last">                                                            <div class="productBox basketWrapper Continente ecsf_product_icons ecsf_add_product_to_basket">        <input class="IsAlreadyInBasket" type="hidden" value="false">        <input class="item_pid" type="hidden" value="2014597(eCsf_RetekProductCatalog_MegastoreContinenteOnline_Continente)">      <input class="item_variantId" type="hidden" value="">      <input class="item_originalSalesUnit" type="hidden" value="Unit">      <input class="item_channelId" type="hidden" value="1">      <input class="item_unitConversionRate" type="hidden" value="0.0">      <input class="item_listPrice" type="hidden" value="1.29">      <input class="item_requestedSalesUnit" type="hidden" value="Unit">      <input class="item_originalAlternativeSalesUnit" type="hidden" value="" name="originalAlternativeSalesUnit">      <input class="AvailabilityInDays" type="hidden" value="0">        <input class="IsInPromotion" type="hidden" value="false">      <input class="DeferredDelivery" type="hidden" value="0">      <input class="RelatedProductsAggregated" type="hidden" value="">        <input class="HasABuyXGetYFreeDiscount" type="hidden" value="false">      <!--<input _tmplitem="81"  class="IsOwnBrandProduct" type="hidden" value="false"/>      <input _tmplitem="81"  class="IsOwnBrandSelectedProduct" type="hidden" value="false"/>      <input _tmplitem="81"  class="IsAManufacturerClubProduct" type="hidden" value="false"/>      <input _tmplitem="81"  class="IsATopTenProduct" type="hidden" value="false"/>      <input _tmplitem="81"  class="IsAGourmetProduct" type="hidden" value="false"/>      <input _tmplitem="81"  class="IsABiologicProduct" type="hidden" value="false"/>      <input _tmplitem="81"  class="IsANationalProduct" type="hidden" value="false"/>      <input _tmplitem="81"  class="IsAGlutenFreeProduct" type="hidden" value="false"/>      <input _tmplitem="81"  class="IsALactoseFreeProduct" type="hidden" value="false"/>      <input _tmplitem="81"  class="IsANewProduct" type="hidden" value="false"/>      <input _tmplitem="81"  class="IsInPromotion" type="hidden" value="false"/>      <input _tmplitem="81"  class="IsATopTenProduct" type="hidden" value="false"/>      <input _tmplitem="81"  class="IsADonationEnabledProduct" type="hidden" value="false"/>      <input _tmplitem="81"  class="IsACheapProduct" type="hidden" value="false"/>      <input _tmplitem="81"  class="IsAnExclusiveProduct" type="hidden" value="false"/>-->        <input class="ItemLevelDiscountAmount" type="hidden" value="">      <input class="ItemLevelLoyaltyDiscountAmount" type="hidden" value="">        <input class="HasWebDiscounts" type="hidden" value="false">      <input class="WebDiscountStartDate" type="hidden" value="">      <input class="WebDiscountEndDate" type="hidden" value="">      <input class="WebDiscountValue" type="hidden" value="">      <input class="WebDiscountIcon" type="hidden" value="">      <input class="WebDiscountQuantity" type="hidden" value="">      <input class="HasRetekDiscounts" type="hidden" value="false">      <input class="RetekDiscountStartDate" type="hidden" value="Tue Oct 31 2017 00:00:00 GMT+0000 (Western European Standard Time)">      <input class="RetekDiscountEndDate" type="hidden" value="Mon Nov 13 2017 23:59:59 GMT+0000 (Western European Standard Time)">      <input class="WebDiscountType" type="hidden" value="">      <input class="RetekDiscountValue" type="hidden" value="0.2000">      <input class="RetekDiscountIcon" type="hidden" value="superPriceIcon">      <input class="RetekDiscountType" type="hidden" value="Value">        <input class="HasIsolateShipment" type="hidden" value="">      <input class="HasTaxFree" type="hidden" value="">      <input class="HasCashcardPaymentNotAvailable" type="hidden" value="">      <input class="HasProductGift" type="hidden" value="">      <input class="HasGift" type="hidden" value="">      <input class="HasMoreDetail" type="hidden" value="">        <input class="OriginalListPriceTax" type="hidden" value="0.0730">      <input class="OriginalListPrice" type="hidden" value="1.29">      <input class="PriceCapacityRatioTax" type="hidden" value="1.8255">      <input class="PriceCapacityRatio" type="hidden" value="32.25">      <input class="WebDiscountValueTax" type="hidden" value="0.0">      <input class="RetekDiscountValueTax" type="hidden" value="0.0113">      <input class="InventoryCondition" type="hidden" value="0">        <input class="MaxNumberOfUnitsPerSale" type="hidden" value="50">      <input class="MinNumberOfUnitsPerSale" type="hidden" value="1">                                                                                                                                      <input class="showPricesWithTax" type="hidden" value="true">              <input class="pIcons" type="hidden" value="00000000000000000000">    <div class="productBoxTop">        <div class="containerImage">          <div class="image">                        <a href="https://www.continente.pt/stores/continente/pt-pt/public/Pages/ProductDetail.aspx?ProductId=2014597(eCsf_RetekProductCatalog_MegastoreContinenteOnline_Continente)&amp;refiner=%23%2F%3Fpl%3D40" class="ecsf_QuerySuggestions">                                        <img class="lazy" width="150" heigh="150" data-original="https://media.continente.pt/Sonae.eGlobal.Presentation.Web.Media/media.axd?resourceSearchType=2&amp;resource=ProductId=2014597(eCsf$RetekProductCatalog$MegastoreContinenteOnline$Continente)&amp;siteId=1&amp;channelId=1&amp;width=150&amp;height=150&amp;defaultOptions=1" src="https://media.continente.pt/Sonae.eGlobal.Presentation.Web.Media/media.axd?resourceSearchType=2&amp;resource=ProductId=2014597(eCsf$RetekProductCatalog$MegastoreContinenteOnline$Continente)&amp;siteId=1&amp;channelId=1&amp;width=150&amp;height=150&amp;defaultOptions=1" alt="Erva Doce Grão" style="display: inline;">                                </a>                                                  </div>          <div class="discountIcon productIcons">            <div class="largeIcon">              <div class="productDiscountLargeIcon">                                  </div>            </div>                      </div>      </div>      <div class="clearBoth"></div>      <div class="containerDescription">          <div class="title">                                <a class="ecsf_QuerySuggestions" href="https://www.continente.pt/stores/continente/pt-pt/public/Pages/ProductDetail.aspx?ProductId=2014597(eCsf_RetekProductCatalog_MegastoreContinenteOnline_Continente)&amp;refiner=%23%2F%3Fpl%3D40" title="Erva Doce Grão">Erva Doce Grão</a>                        </div>          <div class="type">Margão</div>          <div class="subTitle">                            emb. 40 gr                                </div>              </div>                <div class="containerPrice">                                 <div class="standardPriceContainer-selector">                       <div class="priceFirstRow">                      €                  1,29                                        <span> /un</span>              </div>                                              <div class="priceSecondRow">                          €                                                                                        32,25                                                                                                                                                       <span> /kg</span>                              </div>                                                                        </div>                                           <div class="containerPriceQuantity containerPriceQuantity-selector" style="display: none;">                                              <div class="title">Desconto em quantidade</div>                                              <div class="optionsTable">                                                  <div class="optionRow">                                                      <div class="columnLeft"><span class="quantityOverThreshold-selector"></span></div>                                                      <div class="columnRight"><span class="priceWithDiscountOverThreshold-selector"></span></div>                                                  </div>                                                  <div class="optionRow">                                                      <div class="columnLeft"><span class="quantityUnderThreshold-selector"></span></div>                                                      <div class="columnRight"><span class="priceWithDiscountUnderThreshold-selector"></span></div>                                                  </div>                                              </div>                                          </div>                                                                                    </div>                                          <div class="clearBoth"></div>                                          <div class="productIcons containerIcons">                                                                                        <div class="icons">                                                  <div class="icon">                                                  <div class="productIconWithMeasure"></div>                                                </div>                                                <div class="icon ">                                                  <div class="productIconWithMeasure"></div>                                                </div>                                              </div>                                                                                                                      <div class="discountMessage">                                                              <!-- Discounts original (esta classe deve existir para que o ícone grande funcione) -->                                                              <div class="discountCard" style="display:none">                                                                  <div class="productIcon continenteCard"></div>                                                                  <div class="cardDiscountText">                                                                      <span class="iconDiscountText"></span>                                                                      <span class="discountType Value" style="display:none">                                                                          €                                                          </span>                                                          <span class="discountValue"></span>                                                          <span class="discountType Percentage" style="display:none">                                                              %                                                          </span>                                                      </div>                                                  </div>                                              </div>                                                                                                                                                                                </div>                                                      <div class="clearBoth"></div>                                                      <div class="productQuantityArea">                                                                                                                                <div class="addToBasketUnit">                                                                      <div class="unitsTextBoxArea">                                                                                                                                                <input name="unitsToAdd" class="item_qty unitsTextBox" type="text" value="1" maxlength="3">                                                                                                                                            </div>                                                                      <div class="addRemoveUnits">                                                                                                                                                        <div class="addUnits "><input class="increase-ItemQuantityWithOutUpdate" type="button" title="Add"></div>                                                                              <div class="removeUnits"><input class="decrease-ItemQuantityWithOutUpdate" type="button" title="Remove"></div>                                                                                                                                </div>                                                          </div>                                                            <div class="productActionButtonsArea _addToListBtnWrapper ecsf_add_product_to_shopping_list">                                                              <div class="reserveButtonContainer actionButtonArea">                                                                                                                                                                                                                  <div class="reserveButton ecsf_QuerySuggestions _showNotLoggedPopup">Reservar</div>                                                                                                                                                                                                                          </div>                                                                          <div class="actionButtonArea">                                                                              <div class="buttonLeftBorder"></div>                                                                                                                                                                                                                                                                                                                                                <input class="button add-ToBasket anonBasket ecsf_QuerySuggestions" type="button" name="AddToBasket" value="Carrinho">                                                                                                                                                                                                                                                                                                                                                                                                                  <div class="buttonRightBorder"></div>                                                                      </div>                                                                      <div class="actionButtonArea last">                                                                          <div class="grayButtonLeftBorder"></div>                                                                                                                                                        <input class="grayButton ecsf_QuerySuggestions _showNotLoggedPopup" type="button" name="List" value="Lista">                                                                                                                                                <div class="grayButtonRightBorder"></div>                                                                  </div>                                                                </div>                                                                                                              </div>                                                          </div>                                                            <div class="clearBoth"></div>                                                                                                                                              </div>                              </div>                                                                                     <div class="productItem">                                                            <div class="productBox basketWrapper Continente ecsf_product_icons ecsf_add_product_to_basket">        <input class="IsAlreadyInBasket" type="hidden" value="false">        <input class="item_pid" type="hidden" value="2005767(eCsf_RetekProductCatalog_MegastoreContinenteOnline_Continente)">      <input class="item_variantId" type="hidden" value="">      <input class="item_originalSalesUnit" type="hidden" value="Unit">      <input class="item_channelId" type="hidden" value="1">      <input class="item_unitConversionRate" type="hidden" value="">      <input class="item_listPrice" type="hidden" value="3.99">      <input class="item_requestedSalesUnit" type="hidden" value="Unit">      <input class="item_originalAlternativeSalesUnit" type="hidden" value="" name="originalAlternativeSalesUnit">      <input class="AvailabilityInDays" type="hidden" value="0">        <input class="IsInPromotion" type="hidden" value="false">      <input class="DeferredDelivery" type="hidden" value="0">      <input class="RelatedProductsAggregated" type="hidden" value="">        <input class="HasABuyXGetYFreeDiscount" type="hidden" value="false">      <!--<input _tmplitem="82"  class="IsOwnBrandProduct" type="hidden" value="false"/>      <input _tmplitem="82"  class="IsOwnBrandSelectedProduct" type="hidden" value="false"/>      <input _tmplitem="82"  class="IsAManufacturerClubProduct" type="hidden" value="false"/>      <input _tmplitem="82"  class="IsATopTenProduct" type="hidden" value="false"/>      <input _tmplitem="82"  class="IsAGourmetProduct" type="hidden" value="false"/>      <input _tmplitem="82"  class="IsABiologicProduct" type="hidden" value="false"/>      <input _tmplitem="82"  class="IsANationalProduct" type="hidden" value="false"/>      <input _tmplitem="82"  class="IsAGlutenFreeProduct" type="hidden" value="false"/>      <input _tmplitem="82"  class="IsALactoseFreeProduct" type="hidden" value="false"/>      <input _tmplitem="82"  class="IsANewProduct" type="hidden" value="false"/>      <input _tmplitem="82"  class="IsInPromotion" type="hidden" value="false"/>      <input _tmplitem="82"  class="IsATopTenProduct" type="hidden" value="false"/>      <input _tmplitem="82"  class="IsADonationEnabledProduct" type="hidden" value="false"/>      <input _tmplitem="82"  class="IsACheapProduct" type="hidden" value="false"/>      <input _tmplitem="82"  class="IsAnExclusiveProduct" type="hidden" value="false"/>-->        <input class="ItemLevelDiscountAmount" type="hidden" value="">      <input class="ItemLevelLoyaltyDiscountAmount" type="hidden" value="">        <input class="HasWebDiscounts" type="hidden" value="false">      <input class="WebDiscountStartDate" type="hidden" value="">      <input class="WebDiscountEndDate" type="hidden" value="">      <input class="WebDiscountValue" type="hidden" value="">      <input class="WebDiscountIcon" type="hidden" value="">      <input class="WebDiscountQuantity" type="hidden" value="">      <input class="HasRetekDiscounts" type="hidden" value="false">      <input class="RetekDiscountStartDate" type="hidden" value="Mon Jan 01 2018 00:00:00 GMT+0000 (Western European Standard Time)">      <input class="RetekDiscountEndDate" type="hidden" value="Mon Jan 01 2018 23:59:59 GMT+0000 (Western European Standard Time)">      <input class="WebDiscountType" type="hidden" value="">      <input class="RetekDiscountValue" type="hidden" value="25.0000">      <input class="RetekDiscountIcon" type="hidden" value="superPriceIcon">      <input class="RetekDiscountType" type="hidden" value="Percentage">        <input class="HasIsolateShipment" type="hidden" value="">      <input class="HasTaxFree" type="hidden" value="">      <input class="HasCashcardPaymentNotAvailable" type="hidden" value="">      <input class="HasProductGift" type="hidden" value="">      <input class="HasGift" type="hidden" value="">      <input class="HasMoreDetail" type="hidden" value="">        <input class="OriginalListPriceTax" type="hidden" value="0.7461">      <input class="OriginalListPrice" type="hidden" value="3.99">      <input class="PriceCapacityRatioTax" type="hidden" value="7.4610">      <input class="PriceCapacityRatio" type="hidden" value="39.9">      <input class="WebDiscountValueTax" type="hidden" value="0.0">      <input class="RetekDiscountValueTax" type="hidden" value="0.0">      <input class="InventoryCondition" type="hidden" value="0">        <input class="MaxNumberOfUnitsPerSale" type="hidden" value="50">      <input class="MinNumberOfUnitsPerSale" type="hidden" value="1">                                                                                                                                      <input class="showPricesWithTax" type="hidden" value="true">              <input class="pIcons" type="hidden" value="00000000000000000000">    <div class="productBoxTop">        <div class="containerImage">          <div class="image">                        <a href="https://www.continente.pt/stores/continente/pt-pt/public/Pages/ProductDetail.aspx?ProductId=2005767(eCsf_RetekProductCatalog_MegastoreContinenteOnline_Continente)&amp;refiner=%23%2F%3Fpl%3D40" class="ecsf_QuerySuggestions">                                        <img class="lazy" width="150" heigh="150" data-original="https://media.continente.pt/Sonae.eGlobal.Presentation.Web.Media/media.axd?resourceSearchType=2&amp;resource=ProductId=2005767(eCsf$RetekProductCatalog$MegastoreContinenteOnline$Continente)&amp;siteId=1&amp;channelId=1&amp;width=150&amp;height=150&amp;defaultOptions=1" src="https://media.continente.pt/Sonae.eGlobal.Presentation.Web.Media/media.axd?resourceSearchType=2&amp;resource=ProductId=2005767(eCsf$RetekProductCatalog$MegastoreContinenteOnline$Continente)&amp;siteId=1&amp;channelId=1&amp;width=150&amp;height=150&amp;defaultOptions=1" alt="Canela Moída" style="display: inline;">                                </a>                                                  </div>          <div class="discountIcon productIcons">            <div class="largeIcon">              <div class="productDiscountLargeIcon">                                  </div>            </div>                      </div>      </div>      <div class="clearBoth"></div>      <div class="containerDescription">          <div class="title">                                <a class="ecsf_QuerySuggestions" href="https://www.continente.pt/stores/continente/pt-pt/public/Pages/ProductDetail.aspx?ProductId=2005767(eCsf_RetekProductCatalog_MegastoreContinenteOnline_Continente)&amp;refiner=%23%2F%3Fpl%3D40" title="Canela Moída">Canela Moída</a>                        </div>          <div class="type">Margão</div>          <div class="subTitle">                            emb. 100 gr                                </div>              </div>                <div class="containerPrice">                                 <div class="standardPriceContainer-selector">                       <div class="priceFirstRow">                      €                  3,99                                        <span> /un</span>              </div>                                              <div class="priceSecondRow">                          €                                                                                        39,90                                                                                                                                                       <span> /kg</span>                              </div>                                                                        </div>                                           <div class="containerPriceQuantity containerPriceQuantity-selector" style="display: none;">                                              <div class="title">Desconto em quantidade</div>                                              <div class="optionsTable">                                                  <div class="optionRow">                                                      <div class="columnLeft"><span class="quantityOverThreshold-selector"></span></div>                                                      <div class="columnRight"><span class="priceWithDiscountOverThreshold-selector"></span></div>                                                  </div>                                                  <div class="optionRow">                                                      <div class="columnLeft"><span class="quantityUnderThreshold-selector"></span></div>                                                      <div class="columnRight"><span class="priceWithDiscountUnderThreshold-selector"></span></div>                                                  </div>                                              </div>                                          </div>                                                                                    </div>                                          <div class="clearBoth"></div>                                          <div class="productIcons containerIcons">                                                                                        <div class="icons">                                                  <div class="icon">                                                  <div class="productIconWithMeasure"></div>                                                </div>                                                <div class="icon ">                                                  <div class="productIconWithMeasure"></div>                                                </div>                                              </div>                                                                                                                      <div class="discountMessage">                                                              <!-- Discounts original (esta classe deve existir para que o ícone grande funcione) -->                                                              <div class="discountCard" style="display:none">                                                                  <div class="productIcon continenteCard"></div>                                                                  <div class="cardDiscountText">                                                                      <span class="iconDiscountText"></span>                                                                      <span class="discountType Value" style="display:none">                                                                          €                                                          </span>                                                          <span class="discountValue"></span>                                                          <span class="discountType Percentage" style="display:none">                                                              %                                                          </span>                                                      </div>                                                  </div>                                              </div>                                                                                                                                                                                </div>                                                      <div class="clearBoth"></div>                                                      <div class="productQuantityArea">                                                                                                                                <div class="addToBasketUnit">                                                                      <div class="unitsTextBoxArea">                                                                                                                                                <input name="unitsToAdd" class="item_qty unitsTextBox" type="text" value="1" maxlength="3">                                                                                                                                            </div>                                                                      <div class="addRemoveUnits">                                                                                                                                                        <div class="addUnits "><input class="increase-ItemQuantityWithOutUpdate" type="button" title="Add"></div>                                                                              <div class="removeUnits"><input class="decrease-ItemQuantityWithOutUpdate" type="button" title="Remove"></div>                                                                                                                                </div>                                                          </div>                                                            <div class="productActionButtonsArea _addToListBtnWrapper ecsf_add_product_to_shopping_list">                                                              <div class="reserveButtonContainer actionButtonArea">                                                                                                                                                                                                                  <div class="reserveButton ecsf_QuerySuggestions _showNotLoggedPopup">Reservar</div>                                                                                                                                                                                                                          </div>                                                                          <div class="actionButtonArea">                                                                              <div class="buttonLeftBorder"></div>                                                                                                                                                                                                                                                                                                                                                <input class="button add-ToBasket anonBasket ecsf_QuerySuggestions" type="button" name="AddToBasket" value="Carrinho">                                                                                                                                                                                                                                                                                                                                                                                                                  <div class="buttonRightBorder"></div>                                                                      </div>                                                                      <div class="actionButtonArea last">                                                                          <div class="grayButtonLeftBorder"></div>                                                                                                                                                        <input class="grayButton ecsf_QuerySuggestions _showNotLoggedPopup" type="button" name="List" value="Lista">                                                                                                                                                <div class="grayButtonRightBorder"></div>                                                                  </div>                                                                </div>                                                                                                              </div>                                                          </div>                                                            <div class="clearBoth"></div>                                                                                                                                              </div>                              </div>                                                                                     <div class="productItem">                                                            <div class="productBox basketWrapper Continente ecsf_product_icons ecsf_add_product_to_basket">        <input class="IsAlreadyInBasket" type="hidden" value="false">        <input class="item_pid" type="hidden" value="2003219(eCsf_RetekProductCatalog_MegastoreContinenteOnline_Continente)">      <input class="item_variantId" type="hidden" value="">      <input class="item_originalSalesUnit" type="hidden" value="Unit">      <input class="item_channelId" type="hidden" value="1">      <input class="item_unitConversionRate" type="hidden" value="0.0">      <input class="item_listPrice" type="hidden" value="1.59">      <input class="item_requestedSalesUnit" type="hidden" value="Unit">      <input class="item_originalAlternativeSalesUnit" type="hidden" value="" name="originalAlternativeSalesUnit">      <input class="AvailabilityInDays" type="hidden" value="0">        <input class="IsInPromotion" type="hidden" value="false">      <input class="DeferredDelivery" type="hidden" value="0">      <input class="RelatedProductsAggregated" type="hidden" value="">        <input class="HasABuyXGetYFreeDiscount" type="hidden" value="false">      <!--<input _tmplitem="83"  class="IsOwnBrandProduct" type="hidden" value="false"/>      <input _tmplitem="83"  class="IsOwnBrandSelectedProduct" type="hidden" value="false"/>      <input _tmplitem="83"  class="IsAManufacturerClubProduct" type="hidden" value="false"/>      <input _tmplitem="83"  class="IsATopTenProduct" type="hidden" value="false"/>      <input _tmplitem="83"  class="IsAGourmetProduct" type="hidden" value="false"/>      <input _tmplitem="83"  class="IsABiologicProduct" type="hidden" value="false"/>      <input _tmplitem="83"  class="IsANationalProduct" type="hidden" value="false"/>      <input _tmplitem="83"  class="IsAGlutenFreeProduct" type="hidden" value="false"/>      <input _tmplitem="83"  class="IsALactoseFreeProduct" type="hidden" value="false"/>      <input _tmplitem="83"  class="IsANewProduct" type="hidden" value="false"/>      <input _tmplitem="83"  class="IsInPromotion" type="hidden" value="false"/>      <input _tmplitem="83"  class="IsATopTenProduct" type="hidden" value="false"/>      <input _tmplitem="83"  class="IsADonationEnabledProduct" type="hidden" value="false"/>      <input _tmplitem="83"  class="IsACheapProduct" type="hidden" value="false"/>      <input _tmplitem="83"  class="IsAnExclusiveProduct" type="hidden" value="false"/>-->        <input class="ItemLevelDiscountAmount" type="hidden" value="">      <input class="ItemLevelLoyaltyDiscountAmount" type="hidden" value="">        <input class="HasWebDiscounts" type="hidden" value="false">      <input class="WebDiscountStartDate" type="hidden" value="">      <input class="WebDiscountEndDate" type="hidden" value="">      <input class="WebDiscountValue" type="hidden" value="">      <input class="WebDiscountIcon" type="hidden" value="">      <input class="WebDiscountQuantity" type="hidden" value="">      <input class="HasRetekDiscounts" type="hidden" value="false">      <input class="RetekDiscountStartDate" type="hidden" value="Tue Sep 06 2016 01:00:00 GMT+0100 (Western European Summer Time)">      <input class="RetekDiscountEndDate" type="hidden" value="Tue Sep 13 2016 00:59:59 GMT+0100 (Western European Summer Time)">      <input class="WebDiscountType" type="hidden" value="">      <input class="RetekDiscountValue" type="hidden" value="25.0000">      <input class="RetekDiscountIcon" type="hidden" value="superPriceIcon">      <input class="RetekDiscountType" type="hidden" value="Percentage">        <input class="HasIsolateShipment" type="hidden" value="">      <input class="HasTaxFree" type="hidden" value="">      <input class="HasCashcardPaymentNotAvailable" type="hidden" value="">      <input class="HasProductGift" type="hidden" value="">      <input class="HasGift" type="hidden" value="">      <input class="HasMoreDetail" type="hidden" value="">        <input class="OriginalListPriceTax" type="hidden" value="0.2973">      <input class="OriginalListPrice" type="hidden" value="1.59">      <input class="PriceCapacityRatioTax" type="hidden" value="6.6070">      <input class="PriceCapacityRatio" type="hidden" value="35.3333321">      <input class="WebDiscountValueTax" type="hidden" value="0.0">      <input class="RetekDiscountValueTax" type="hidden" value="0.0">      <input class="InventoryCondition" type="hidden" value="0">        <input class="MaxNumberOfUnitsPerSale" type="hidden" value="50">      <input class="MinNumberOfUnitsPerSale" type="hidden" value="1">                                                                                                                                      <input class="showPricesWithTax" type="hidden" value="true">              <input class="pIcons" type="hidden" value="00000000000000000000">    <div class="productBoxTop">        <div class="containerImage">          <div class="image">                        <a href="https://www.continente.pt/stores/continente/pt-pt/public/Pages/ProductDetail.aspx?ProductId=2003219(eCsf_RetekProductCatalog_MegastoreContinenteOnline_Continente)&amp;refiner=%23%2F%3Fpl%3D40" class="ecsf_QuerySuggestions">                                        <img class="lazy" width="150" heigh="150" data-original="https://media.continente.pt/Sonae.eGlobal.Presentation.Web.Media/media.axd?resourceSearchType=2&amp;resource=ProductId=2003219(eCsf$RetekProductCatalog$MegastoreContinenteOnline$Continente)&amp;siteId=1&amp;channelId=1&amp;width=150&amp;height=150&amp;defaultOptions=1" src="https://media.continente.pt/Sonae.eGlobal.Presentation.Web.Media/media.axd?resourceSearchType=2&amp;resource=ProductId=2003219(eCsf$RetekProductCatalog$MegastoreContinenteOnline$Continente)&amp;siteId=1&amp;channelId=1&amp;width=150&amp;height=150&amp;defaultOptions=1" alt="Canela Moída Saqueta" style="display: inline;">                                </a>                                                  </div>          <div class="discountIcon productIcons">            <div class="largeIcon">              <div class="productDiscountLargeIcon">                                  </div>            </div>                      </div>      </div>      <div class="clearBoth"></div>      <div class="containerDescription">          <div class="title">                                <a class="ecsf_QuerySuggestions" href="https://www.continente.pt/stores/continente/pt-pt/public/Pages/ProductDetail.aspx?ProductId=2003219(eCsf_RetekProductCatalog_MegastoreContinenteOnline_Continente)&amp;refiner=%23%2F%3Fpl%3D40" title="Canela Moída Saqueta">Canela Moída Saqueta</a>                        </div>          <div class="type">Margão</div>          <div class="subTitle">                            emb. 45 gr                                </div>              </div>                <div class="containerPrice">                                 <div class="standardPriceContainer-selector">                       <div class="priceFirstRow">                      €                  1,59                                        <span> /un</span>              </div>                                              <div class="priceSecondRow">                          €                                                                                        35,33                                                                                                                                                       <span> /kg</span>                              </div>                                                                        </div>                                           <div class="containerPriceQuantity containerPriceQuantity-selector" style="display: none;">                                              <div class="title">Desconto em quantidade</div>                                              <div class="optionsTable">                                                  <div class="optionRow">                                                      <div class="columnLeft"><span class="quantityOverThreshold-selector"></span></div>                                                      <div class="columnRight"><span class="priceWithDiscountOverThreshold-selector"></span></div>                                                  </div>                                                  <div class="optionRow">                                                      <div class="columnLeft"><span class="quantityUnderThreshold-selector"></span></div>                                                      <div class="columnRight"><span class="priceWithDiscountUnderThreshold-selector"></span></div>                                                  </div>                                              </div>                                          </div>                                                                                    </div>                                          <div class="clearBoth"></div>                                          <div class="productIcons containerIcons">                                                                                        <div class="icons">                                                  <div class="icon">                                                  <div class="productIconWithMeasure"></div>                                                </div>                                                <div class="icon ">                                                  <div class="productIconWithMeasure"></div>                                                </div>                                              </div>                                                                                                                      <div class="discountMessage">                                                              <!-- Discounts original (esta classe deve existir para que o ícone grande funcione) -->                                                              <div class="discountCard" style="display:none">                                                                  <div class="productIcon continenteCard"></div>                                                                  <div class="cardDiscountText">                                                                      <span class="iconDiscountText"></span>                                                                      <span class="discountType Value" style="display:none">                                                                          €                                                          </span>                                                          <span class="discountValue"></span>                                                          <span class="discountType Percentage" style="display:none">                                                              %                                                          </span>                                                      </div>                                                  </div>                                              </div>                                                                                                                                                                                </div>                                                      <div class="clearBoth"></div>                                                      <div class="productQuantityArea">                                                                                                                                <div class="addToBasketUnit">                                                                      <div class="unitsTextBoxArea">                                                                                                                                                <input name="unitsToAdd" class="item_qty unitsTextBox" type="text" value="1" maxlength="3">                                                                                                                                            </div>                                                                      <div class="addRemoveUnits">                                                                                                                                                        <div class="addUnits "><input class="increase-ItemQuantityWithOutUpdate" type="button" title="Add"></div>                                                                              <div class="removeUnits"><input class="decrease-ItemQuantityWithOutUpdate" type="button" title="Remove"></div>                                                                                                                                </div>                                                          </div>                                                            <div class="productActionButtonsArea _addToListBtnWrapper ecsf_add_product_to_shopping_list">                                                              <div class="reserveButtonContainer actionButtonArea">                                                                                                                                                                                                                  <div class="reserveButton ecsf_QuerySuggestions _showNotLoggedPopup">Reservar</div>                                                                                                                                                                                                                          </div>                                                                          <div class="actionButtonArea">                                                                              <div class="buttonLeftBorder"></div>                                                                                                                                                                                                                                                                                                                                                <input class="button add-ToBasket anonBasket ecsf_QuerySuggestions" type="button" name="AddToBasket" value="Carrinho">                                                                                                                                                                                                                                                                                                                                                                                                                  <div class="buttonRightBorder"></div>                                                                      </div>                                                                      <div class="actionButtonArea last">                                                                          <div class="grayButtonLeftBorder"></div>                                                                                                                                                        <input class="grayButton ecsf_QuerySuggestions _showNotLoggedPopup" type="button" name="List" value="Lista">                                                                                                                                                <div class="grayButtonRightBorder"></div>                                                                  </div>                                                                </div>                                                                                                              </div>                                                          </div>                                                            <div class="clearBoth"></div>                                                                                                                                              </div>                              </div>                                                                                     <div class="productItem">                                                            <div class="productBox basketWrapper Continente ecsf_product_icons ecsf_add_product_to_basket">        <input class="IsAlreadyInBasket" type="hidden" value="false">        <input class="item_pid" type="hidden" value="2003221(eCsf_RetekProductCatalog_MegastoreContinenteOnline_Continente)">      <input class="item_variantId" type="hidden" value="">      <input class="item_originalSalesUnit" type="hidden" value="Unit">      <input class="item_channelId" type="hidden" value="1">      <input class="item_unitConversionRate" type="hidden" value="0.0">      <input class="item_listPrice" type="hidden" value="1.99">      <input class="item_requestedSalesUnit" type="hidden" value="Unit">      <input class="item_originalAlternativeSalesUnit" type="hidden" value="" name="originalAlternativeSalesUnit">      <input class="AvailabilityInDays" type="hidden" value="0">        <input class="IsInPromotion" type="hidden" value="false">      <input class="DeferredDelivery" type="hidden" value="0">      <input class="RelatedProductsAggregated" type="hidden" value="">        <input class="HasABuyXGetYFreeDiscount" type="hidden" value="false">      <!--<input _tmplitem="84"  class="IsOwnBrandProduct" type="hidden" value="false"/>      <input _tmplitem="84"  class="IsOwnBrandSelectedProduct" type="hidden" value="false"/>      <input _tmplitem="84"  class="IsAManufacturerClubProduct" type="hidden" value="false"/>      <input _tmplitem="84"  class="IsATopTenProduct" type="hidden" value="false"/>      <input _tmplitem="84"  class="IsAGourmetProduct" type="hidden" value="false"/>      <input _tmplitem="84"  class="IsABiologicProduct" type="hidden" value="false"/>      <input _tmplitem="84"  class="IsANationalProduct" type="hidden" value="false"/>      <input _tmplitem="84"  class="IsAGlutenFreeProduct" type="hidden" value="false"/>      <input _tmplitem="84"  class="IsALactoseFreeProduct" type="hidden" value="false"/>      <input _tmplitem="84"  class="IsANewProduct" type="hidden" value="false"/>      <input _tmplitem="84"  class="IsInPromotion" type="hidden" value="false"/>      <input _tmplitem="84"  class="IsATopTenProduct" type="hidden" value="false"/>      <input _tmplitem="84"  class="IsADonationEnabledProduct" type="hidden" value="false"/>      <input _tmplitem="84"  class="IsACheapProduct" type="hidden" value="false"/>      <input _tmplitem="84"  class="IsAnExclusiveProduct" type="hidden" value="false"/>-->        <input class="ItemLevelDiscountAmount" type="hidden" value="">      <input class="ItemLevelLoyaltyDiscountAmount" type="hidden" value="">        <input class="HasWebDiscounts" type="hidden" value="false">      <input class="WebDiscountStartDate" type="hidden" value="Mon Jul 14 2014 01:01:01 GMT+0100 (Western European Summer Time)">      <input class="WebDiscountEndDate" type="hidden" value="Tue Jul 22 2014 00:59:59 GMT+0100 (Western European Summer Time)">      <input class="WebDiscountValue" type="hidden" value="25">      <input class="WebDiscountIcon" type="hidden" value="superPriceIcon">      <input class="WebDiscountQuantity" type="hidden" value="">      <input class="HasRetekDiscounts" type="hidden" value="false">      <input class="RetekDiscountStartDate" type="hidden" value="Tue Aug 14 2018 01:00:00 GMT+0100 (Western European Summer Time)">      <input class="RetekDiscountEndDate" type="hidden" value="Tue Aug 21 2018 00:59:59 GMT+0100 (Western European Summer Time)">      <input class="WebDiscountType" type="hidden" value="Percentage">      <input class="RetekDiscountValue" type="hidden" value="15.0000">      <input class="RetekDiscountIcon" type="hidden" value="superPriceIcon">      <input class="RetekDiscountType" type="hidden" value="Percentage">        <input class="HasIsolateShipment" type="hidden" value="">      <input class="HasTaxFree" type="hidden" value="">      <input class="HasCashcardPaymentNotAvailable" type="hidden" value="">      <input class="HasProductGift" type="hidden" value="">      <input class="HasGift" type="hidden" value="">      <input class="HasMoreDetail" type="hidden" value="">        <input class="OriginalListPriceTax" type="hidden" value="0.1126">      <input class="OriginalListPrice" type="hidden" value="1.99">      <input class="PriceCapacityRatioTax" type="hidden" value="3.7547">      <input class="PriceCapacityRatio" type="hidden" value="66.3333359">      <input class="WebDiscountValueTax" type="hidden" value="0.0">      <input class="RetekDiscountValueTax" type="hidden" value="0.0">      <input class="InventoryCondition" type="hidden" value="0">        <input class="MaxNumberOfUnitsPerSale" type="hidden" value="50">      <input class="MinNumberOfUnitsPerSale" type="hidden" value="1">                                                                                                                                      <input class="showPricesWithTax" type="hidden" value="true">              <input class="pIcons" type="hidden" value="00000000000000000000">    <div class="productBoxTop">        <div class="containerImage">          <div class="image">                        <a href="https://www.continente.pt/stores/continente/pt-pt/public/Pages/ProductDetail.aspx?ProductId=2003221(eCsf_RetekProductCatalog_MegastoreContinenteOnline_Continente)&amp;refiner=%23%2F%3Fpl%3D40" class="ecsf_QuerySuggestions">                                        <img class="lazy" width="150" heigh="150" data-original="https://media.continente.pt/Sonae.eGlobal.Presentation.Web.Media/media.axd?resourceSearchType=2&amp;resource=ProductId=2003221(eCsf$RetekProductCatalog$MegastoreContinenteOnline$Continente)&amp;siteId=1&amp;channelId=1&amp;width=150&amp;height=150&amp;defaultOptions=1" src="https://media.continente.pt/Sonae.eGlobal.Presentation.Web.Media/media.axd?resourceSearchType=2&amp;resource=ProductId=2003221(eCsf$RetekProductCatalog$MegastoreContinenteOnline$Continente)&amp;siteId=1&amp;channelId=1&amp;width=150&amp;height=150&amp;defaultOptions=1" alt="Canela Pau Saqueta" style="display: inline;">                                </a>                                                  </div>          <div class="discountIcon productIcons">            <div class="largeIcon">              <div class="productDiscountLargeIcon">                                  </div>            </div>                      </div>      </div>      <div class="clearBoth"></div>      <div class="containerDescription">          <div class="title">                                <a class="ecsf_QuerySuggestions" href="https://www.continente.pt/stores/continente/pt-pt/public/Pages/ProductDetail.aspx?ProductId=2003221(eCsf_RetekProductCatalog_MegastoreContinenteOnline_Continente)&amp;refiner=%23%2F%3Fpl%3D40" title="Canela Pau Saqueta">Canela Pau Saqueta</a>                        </div>          <div class="type">Margão</div>          <div class="subTitle">                            emb. 30 gr                                </div>              </div>                <div class="containerPrice">                                 <div class="standardPriceContainer-selector">                       <div class="priceFirstRow">                      €                  1,99                                        <span> /un</span>              </div>                                              <div class="priceSecondRow">                          €                                                                                        66,33                                                                                                                                                       <span> /kg</span>                              </div>                                                                        </div>                                           <div class="containerPriceQuantity containerPriceQuantity-selector">                                              <div class="title">Desconto em quantidade</div>                                              <div class="optionsTable">                                                  <div class="optionRow">                                                      <div class="columnLeft"><span class="quantityOverThreshold-selector"></span></div>                                                      <div class="columnRight"><span class="priceWithDiscountOverThreshold-selector"></span></div>                                                  </div>                                                  <div class="optionRow">                                                      <div class="columnLeft"><span class="quantityUnderThreshold-selector"></span></div>                                                      <div class="columnRight"><span class="priceWithDiscountUnderThreshold-selector"></span></div>                                                  </div>                                              </div>                                          </div>                                                                                    </div>                                          <div class="clearBoth"></div>                                          <div class="productIcons containerIcons">                                                                                        <div class="icons">                                                  <div class="icon">                                                  <div class="productIconWithMeasure"></div>                                                </div>                                                <div class="icon ">                                                  <div class="productIconWithMeasure"></div>                                                </div>                                              </div>                                                                                                                      <div class="discountMessage">                                                              <!-- Discounts original (esta classe deve existir para que o ícone grande funcione) -->                                                              <div class="discountCard" style="display:none">                                                                  <div class="productIcon continenteCard"></div>                                                                  <div class="cardDiscountText">                                                                      <span class="iconDiscountText"></span>                                                                      <span class="discountType Value" style="display:none">                                                                          €                                                          </span>                                                          <span class="discountValue"></span>                                                          <span class="discountType Percentage" style="display:none">                                                              %                                                          </span>                                                      </div>                                                  </div>                                              </div>                                                                                                                                                                                </div>                                                      <div class="clearBoth"></div>                                                      <div class="productQuantityArea">                                                                                                                                <div class="addToBasketUnit">                                                                      <div class="unitsTextBoxArea">                                                                                                                                                <input name="unitsToAdd" class="item_qty unitsTextBox" type="text" value="1" maxlength="3">                                                                                                                                            </div>                                                                      <div class="addRemoveUnits">                                                                                                                                                        <div class="addUnits "><input class="increase-ItemQuantityWithOutUpdate" type="button" title="Add"></div>                                                                              <div class="removeUnits"><input class="decrease-ItemQuantityWithOutUpdate" type="button" title="Remove"></div>                                                                                                                                </div>                                                          </div>                                                            <div class="productActionButtonsArea _addToListBtnWrapper ecsf_add_product_to_shopping_list">                                                              <div class="reserveButtonContainer actionButtonArea">                                                                                                                                                                                                                  <div class="reserveButton ecsf_QuerySuggestions _showNotLoggedPopup">Reservar</div>                                                                                                                                                                                                                          </div>                                                                          <div class="actionButtonArea">                                                                              <div class="buttonLeftBorder"></div>                                                                                                                                                                                                                                                                                                                                                <input class="button add-ToBasket anonBasket ecsf_QuerySuggestions" type="button" name="AddToBasket" value="Carrinho">                                                                                                                                                                                                                                                                                                                                                                                                                  <div class="buttonRightBorder"></div>                                                                      </div>                                                                      <div class="actionButtonArea last">                                                                          <div class="grayButtonLeftBorder"></div>                                                                                                                                                        <input class="grayButton ecsf_QuerySuggestions _showNotLoggedPopup" type="button" name="List" value="Lista">                                                                                                                                                <div class="grayButtonRightBorder"></div>                                                                  </div>                                                                </div>                                                                                                              </div>                                                          </div>                                                            <div class="clearBoth"></div>                                                                                                                                              </div>                              </div>                                                                                     <div class="productItem last">                                                            <div class="productBox basketWrapper Continente ecsf_product_icons ecsf_add_product_to_basket">        <input class="IsAlreadyInBasket" type="hidden" value="false">        <input class="item_pid" type="hidden" value="2003220(eCsf_RetekProductCatalog_MegastoreContinenteOnline_Continente)">      <input class="item_variantId" type="hidden" value="">      <input class="item_originalSalesUnit" type="hidden" value="Unit">      <input class="item_channelId" type="hidden" value="1">      <input class="item_unitConversionRate" type="hidden" value="0.0">      <input class="item_listPrice" type="hidden" value="1.99">      <input class="item_requestedSalesUnit" type="hidden" value="Unit">      <input class="item_originalAlternativeSalesUnit" type="hidden" value="" name="originalAlternativeSalesUnit">      <input class="AvailabilityInDays" type="hidden" value="0">        <input class="IsInPromotion" type="hidden" value="true">      <input class="DeferredDelivery" type="hidden" value="0">      <input class="RelatedProductsAggregated" type="hidden" value="">        <input class="HasABuyXGetYFreeDiscount" type="hidden" value="false">      <!--<input _tmplitem="85"  class="IsOwnBrandProduct" type="hidden" value="false"/>      <input _tmplitem="85"  class="IsOwnBrandSelectedProduct" type="hidden" value="false"/>      <input _tmplitem="85"  class="IsAManufacturerClubProduct" type="hidden" value="false"/>      <input _tmplitem="85"  class="IsATopTenProduct" type="hidden" value="false"/>      <input _tmplitem="85"  class="IsAGourmetProduct" type="hidden" value="false"/>      <input _tmplitem="85"  class="IsABiologicProduct" type="hidden" value="false"/>      <input _tmplitem="85"  class="IsANationalProduct" type="hidden" value="false"/>      <input _tmplitem="85"  class="IsAGlutenFreeProduct" type="hidden" value="false"/>      <input _tmplitem="85"  class="IsALactoseFreeProduct" type="hidden" value="false"/>      <input _tmplitem="85"  class="IsANewProduct" type="hidden" value="false"/>      <input _tmplitem="85"  class="IsInPromotion" type="hidden" value="true"/>      <input _tmplitem="85"  class="IsATopTenProduct" type="hidden" value="false"/>      <input _tmplitem="85"  class="IsADonationEnabledProduct" type="hidden" value="false"/>      <input _tmplitem="85"  class="IsACheapProduct" type="hidden" value="false"/>      <input _tmplitem="85"  class="IsAnExclusiveProduct" type="hidden" value="false"/>-->        <input class="ItemLevelDiscountAmount" type="hidden" value="">      <input class="ItemLevelLoyaltyDiscountAmount" type="hidden" value="">        <input class="HasWebDiscounts" type="hidden" value="false">      <input class="WebDiscountStartDate" type="hidden" value="Tue Dec 15 2015 00:00:00 GMT+0000 (Western European Standard Time)">      <input class="WebDiscountEndDate" type="hidden" value="Sun Dec 27 2015 00:00:00 GMT+0000 (Western European Standard Time)">      <input class="WebDiscountValue" type="hidden" value="0,2">      <input class="WebDiscountIcon" type="hidden" value="superPriceIcon">      <input class="WebDiscountQuantity" type="hidden" value="">      <input class="HasRetekDiscounts" type="hidden" value="true">      <input class="RetekDiscountStartDate" type="hidden" value="Mon Nov 19 2018 00:00:00 GMT+0000 (Western European Standard Time)">      <input class="RetekDiscountEndDate" type="hidden" value="Mon Dec 24 2018 23:59:59 GMT+0000 (Western European Standard Time)">      <input class="WebDiscountType" type="hidden" value="Value">      <input class="RetekDiscountValue" type="hidden" value="0.4000">      <input class="RetekDiscountIcon" type="hidden" value="superPriceIcon">      <input class="RetekDiscountType" type="hidden" value="Value">        <input class="HasIsolateShipment" type="hidden" value="">      <input class="HasTaxFree" type="hidden" value="">      <input class="HasCashcardPaymentNotAvailable" type="hidden" value="">      <input class="HasProductGift" type="hidden" value="">      <input class="HasGift" type="hidden" value="">      <input class="HasMoreDetail" type="hidden" value="">        <input class="OriginalListPriceTax" type="hidden" value="0.3721">      <input class="OriginalListPrice" type="hidden" value="1.99">      <input class="PriceCapacityRatioTax" type="hidden" value="9.5414">      <input class="PriceCapacityRatio" type="hidden" value="51.0256424">      <input class="WebDiscountValueTax" type="hidden" value="0.3740">      <input class="RetekDiscountValueTax" type="hidden" value="0.0748">      <input class="InventoryCondition" type="hidden" value="0">        <input class="MaxNumberOfUnitsPerSale" type="hidden" value="50">      <input class="MinNumberOfUnitsPerSale" type="hidden" value="1">                                                                                                     <input class="showPricesWithTax" type="hidden" value="true">              <input class="pIcons" type="hidden" value="00000010000000000000">    <div class="productBoxTop">        <div class="containerImage">          <div class="image">                        <a href="https://www.continente.pt/stores/continente/pt-pt/public/Pages/ProductDetail.aspx?ProductId=2003220(eCsf_RetekProductCatalog_MegastoreContinenteOnline_Continente)&amp;refiner=%23%2F%3Fpl%3D40" class="ecsf_QuerySuggestions">                                        <img class="lazy" width="150" heigh="150" data-original="https://media.continente.pt/Sonae.eGlobal.Presentation.Web.Media/media.axd?resourceSearchType=2&amp;resource=ProductId=2003220(eCsf$RetekProductCatalog$MegastoreContinenteOnline$Continente)&amp;siteId=1&amp;channelId=1&amp;width=150&amp;height=150&amp;defaultOptions=1" src="https://media.continente.pt/Sonae.eGlobal.Presentation.Web.Media/media.axd?resourceSearchType=2&amp;resource=ProductId=2003220(eCsf$RetekProductCatalog$MegastoreContinenteOnline$Continente)&amp;siteId=1&amp;channelId=1&amp;width=150&amp;height=150&amp;defaultOptions=1" alt="Canela Moída" style="display: inline;">                                </a>                                                  </div>          <div class="discountIcon productIcons">            <div class="largeIcon">              <div class="superPriceIconLarge" title="Produto com desconto imediato">                                  </div>            </div>                      </div>      </div>      <div class="clearBoth"></div>      <div class="containerDescription">          <div class="title">                                <a class="ecsf_QuerySuggestions" href="https://www.continente.pt/stores/continente/pt-pt/public/Pages/ProductDetail.aspx?ProductId=2003220(eCsf_RetekProductCatalog_MegastoreContinenteOnline_Continente)&amp;refiner=%23%2F%3Fpl%3D40" title="Canela Moída">Canela Moída</a>                        </div>          <div class="type">Margão</div>          <div class="subTitle">                            frasco 39 gr                                </div>              </div>                <div class="containerPrice">                                 <div class="standardPriceContainer-selector">                       <div class="priceFirstRow">                      €                  1,59                                        <span> /un</span>              </div>                                              <div class="priceSecondRow">                          €                                                                  40,77                                                                                                                            <span> /kg</span>                              </div>                                                                        </div>                                           <div class="containerPriceQuantity containerPriceQuantity-selector" style="display: none;">                                              <div class="title">Desconto em quantidade</div>                                              <div class="optionsTable">                                                  <div class="optionRow">                                                      <div class="columnLeft"><span class="quantityOverThreshold-selector"></span></div>                                                      <div class="columnRight"><span class="priceWithDiscountOverThreshold-selector"></span></div>                                                  </div>                                                  <div class="optionRow">                                                      <div class="columnLeft"><span class="quantityUnderThreshold-selector"></span></div>                                                      <div class="columnRight"><span class="priceWithDiscountUnderThreshold-selector"></span></div>                                                  </div>                                              </div>                                          </div>                                                                                    </div>                                          <div class="clearBoth"></div>                                          <div class="productIcons containerIcons">                                                                                        <div class="icons">                                                  <div class="icon">                                                  <div class="productIconWithMeasure campaignIcon" title="Produto em Campanha"></div>                                                </div>                                                <div class="icon ">                                                  <div class="productIconWithMeasure"></div>                                                </div>                                              </div>                                                                                                          <div class="discountMessage priceWas">                                                      <div class="priceWasRows">                                                                                                                        <div class="priceFirstRow">                                                                  €                                               1,99                                              <span> /un</span>                                          </div>                                                                                                  <div class="priceSecondRow">                                                  €                                                51,03                                              <span> /kg</span>                                          </div>                                                                                                                                                  </div>                                                  <!-- Discounts original (esta classe deve existir para que o ícone grande funcione) -->                                                  <div class="discountCard" style="">                                                      <div class="productIcon superPriceIcon" title="Produto com desconto imediato"></div>                                                      <div class="cardDiscountText">                                                          <span class="iconDiscountText">Desconto imediato: </span>                                                          <span class="discountType Value" style="display:none">                                                              €                                                          </span>                                                          <span class="discountValue">€0,40</span>                                                          <span class="discountType Percentage" style="display:none">                                                              %                                                          </span>                                                      </div>                                                  </div>                                              </div>                                                                                                                                                                                </div>                                                      <div class="clearBoth"></div>                                                      <div class="productQuantityArea">                                                                                                                                <div class="addToBasketUnit">                                                                      <div class="unitsTextBoxArea">                                                                                                                                                <input name="unitsToAdd" class="item_qty unitsTextBox" type="text" value="1" maxlength="3">                                                                                                                                            </div>                                                                      <div class="addRemoveUnits">                                                                                                                                                        <div class="addUnits "><input class="increase-ItemQuantityWithOutUpdate" type="button" title="Add"></div>                                                                              <div class="removeUnits"><input class="decrease-ItemQuantityWithOutUpdate" type="button" title="Remove"></div>                                                                                                                                </div>                                                          </div>                                                            <div class="productActionButtonsArea _addToListBtnWrapper ecsf_add_product_to_shopping_list">                                                              <div class="reserveButtonContainer actionButtonArea">                                                                                                                                                                                                                  <div class="reserveButton ecsf_QuerySuggestions _showNotLoggedPopup">Reservar</div>                                                                                                                                                                                                                          </div>                                                                          <div class="actionButtonArea">                                                                              <div class="buttonLeftBorder"></div>                                                                                                                                                                                                                                                                                                                                                <input class="button add-ToBasket anonBasket ecsf_QuerySuggestions" type="button" name="AddToBasket" value="Carrinho">                                                                                                                                                                                                                                                                                                                                                                                                                  <div class="buttonRightBorder"></div>                                                                      </div>                                                                      <div class="actionButtonArea last">                                                                          <div class="grayButtonLeftBorder"></div>                                                                                                                                                        <input class="grayButton ecsf_QuerySuggestions _showNotLoggedPopup" type="button" name="List" value="Lista">                                                                                                                                                <div class="grayButtonRightBorder"></div>                                                                  </div>                                                                </div>                                                                                                              </div>                                                          </div>                                                            <div class="clearBoth"></div>                                                                                                                                              </div>                              </div>                                                </div>                  </div></div>
                                <div class="clearBoth">&nbsp;</div>
                                <div class="paginationArea ecsf_Paginations" style="display: none;"><input type="hidden" name="actualPage" class="_actualPage" value="1"><input type="hidden" name="numberOfPagesToDisplay" class="_numberOfPagesToDisplay" value="10"><input type="hidden" name="itemsPerPage" class="_itemsPerPage" value="20"><input type="hidden" name="actualTotalPages" class="_actualTotalPages" value="1"><div class="pagingOuterArea">
                                    <div class="pagingInnerArea _asyncPaginationWrapper"></div>
                                </div>
                                </div>
                                <div class="lineSeparator"> &nbsp;</div>
                                <div class="clearBoth"> &nbsp;</div>
                            </div>
                            </div><script type="text/javascript" xmlns:producthelper="Sonae.eCsf.Presentation.Web.XslExtensions.Product" xmlns:resources="Sonae.eCsf.Presentation.Web.XslExtensions.Resources">
                            $(document).ready(function () {
                                if(typeof(searchControllers)=='undefined')
                                    searchControllers = [];
                                searchControllers["XOCD"] = new $.SearchResultController({
                                    async: false,
                                    context: "XOCD",
                                    SearchResults:{
                                        groupByContentType: false,
                                        groupByStore: false
                                    },
                                    plugins: {
                                        pagination: {
                                            enabled: true
                                        },
                                        sort: {
                                            enabled: true
                                        },
                                        pagingLimit: {
                                            enabled: true,
                                            options:{
                                                updateUserProfile:  true
                                            }
                                        }
                                    }
                                });
                            });
                        </script>
                        </div>
                    </div></div></td>
                </tr>
                </tbody></table>
        </div>

    </div>
</div>

</body>
</html>